3022 4682
445 393 449 404 ·
484 368 720 436 arctoos
744 351 896 434 utura
920 371 983 432 rr.

213 501 286 564 AEre
299 513 332 562 et
343 493 560 584 cornipedum
573 493 671 581 pulsu
683 492 850 558 simularat
862 515 1034 581 equorum.
1047 582 1052 592 Ι

213 607 255 666 m
266 619 359 690 pater
371 601 579 689 omnipotens
592 597 693 664 densa
706 600 791 662 inter
803 597 916 662 nubila
930 598 1033 661 telum

213 709 393 788 Contorsit;
406 729 473 770 non
486 707 540 770 ille
554 705 654 784 faces,
668 729 729 770 nec
742 705 853 768 lumea
864 703 958 768 taedis

214 815 368 894 Lumina,
381 814 650 902 praeeipitemque
663 812 787 874 inmani
800 808 931 874 turbine
943 806 1062 895 adegit.

213 923 282 986 Nec
295 943 361 986 non
374 938 406 986 et
418 921 554 1010 Tityon,
567 922 679 986 Terrae
691 918 927 1007 omniparentis
939 917 1124 995 alumnum,
1208 931 1251 990 595

214 1028 357 1090 Cernere
371 1043 454 1106 erat,
468 1049 527 1113 per
538 1042 606 1090 tota
618 1047 738 1090 novem
751 1025 804 1088 cui
813 1024 930 1112 jugera
942 1043 1061 1109 corpus

214 1132 408 1218 Porrigitur3
422 1148 595 1220 rostroque
608 1131 746 1194 inmanis
760 1131 869 1194 voltur
881 1128 1012 1192 obunco

1195 369 1252 434 165

246 1284 298 1342 591.
312 1297 356 1326 tere
367 1281 519 1344 eorarrpedum
530 1281 577 1326 duo
593 1297 630 1343 ap.
642 1281 720 1328 Burro.
732 1281 800 1343 pulsu
814 1281 893 1326 Heius.
909 1283 997 1342 reecpit
1012 1297 1039 1326 ex
1053 1279 1137 1325 Medic.
1153 1297 1208 1326 arn.
1222 1299 1256 1344 pr.

215 1362 239 1396 et
252 1351 313 1396 Gud.
330 1364 413 1413 preter
430 1351 489 1398 alios
506 1368 543 1413 ap.
559 1353 637 1396 Burm.
655 1364 677 1396 et
695 1367 806 1413 majorem
824 1361 912 1412 partem
932 1351 1007 1405 Pice,
1025 1353 1085 1394 iuter
1103 1365 1161 1412 quos
1177 1351 1258 1406 llom.;

216 1419 277 1466 adde
287 1421 366 1482 fragm.
380 1423 454 1466 vatic.
468 1439 520 1467 am.
536 1438 571 1484 pr.
585 1421 651 1466 Haud
666 1421 736 1466 dubie
751 1421 886 1482 elegantius.
900 1419 943 1466 alii
961 1433 983 1466 et
1002 1421 1055 1466 cdd.
1075 1421 1130 1466 inde
1144 1421 1173 1465 ab
1187 1422 1259 1478 Aldu,

216 1495 446 1554 interpretamentum
466 1493 569 1539 habeut:
585 1509 669 1548 eursu,·
689 1493 728 1538 alii
744 1509 820 1538 curru.
837 1492 946 1536 llottend.
965 1509 1000 1554 pr.
1020 1509 1032 1538 a
1052 1507 1082 1536 m.
1103 1509 1148 1538 sec.
1168 1509 1256 1539 ettrsus.

215 1560 331 1607 siraulmm
350 1561 440 1626 aliquot
461 1565 520 1609 l‘ier.
541 1577 564 1610 et
582 1567 686 1628 quinque
707 1565 785 1609 Burro.
807 1579 859 1609 eum
879 1563 960 1625 fragm.
980 1565 1054 1609 varic.
1072 1581 1083 1608 a
1103 1581 1133 1608 m.
1151 1580 1200 1627 pr.,
1220 1565 1260 1612 alii

214 1633 342 1679 simulabat.
362 1659 392 1669 -
412 1636 463 1698 592.
480 1637 626 1699 omnipudettr
646 1637 711 1683 Leid.
736 1637 806 1681 media
826 1639 839 1680 i.
863 1651 885 1679 n.
906 1635 976 1680 Goth.
996 1651 1041 1681 see.
1059 1662 1089 1672 —
1112 1637 1163 1697 593.
1182 1653 1221 1682 nee
1235 1639 1258 1702 f.

213 1705 303 1769 aliquot
320 1707 380 1752 Pier.
400 1719 423 1752 et
441 1709 532 1764 liurm.;
550 1721 572 1754 et
590 1710 622 1754 sic
641 1709 729 1754 editum
746 1711 847 1770 primum
867 1707 896 1752 ab
915 1709 1013 1769 lignatio
1034 1709 1098 1770 1507.
1111 1709 1204 1772 fumido
1222 1726 1258 1772 pr.

214 1778 295 1823 llamlr.
309 1793 352 1840 pro
371 1795 418 1824 rar.
434 1778 487 1824 leet.
507 1792 530 1826 et
548 1779 616 1825 Gotlr.
635 1795 694 1836 sec,
712 1781 772 1826 idem
787 1793 825 1834 et,
841 1781 909 1824 tectis.
927 1805 958 1814 -
975 1777 1027 1840 59l.
1049 1797 1140 1842 corpore
1154 1780 1259 1828 l’arrlras.

214 1849 287 1913 uomit
298 1849 335 1894 ed.
343 1851 402 1896 Ven.
412 1875 442 1885 -
451 1851 502 1912 595.
510 1855 667 1915 omnipotentis
679 1853 803 1898 Arusianus
811 1863 834 1896 et
843 1852 945 1904 Nonius,
959 1849 1061 1914 librique
1072 1851 1180 1897 nonnulli
1192 1855 1199 1897 l
1210 1855 1261 1898 ierii

215 1934 227 1963 a
240 1935 270 1964 m.
283 1935 342 1975 see,
358 1921 418 1964 inter
430 1935 488 1982 quos
500 1921 566 1966 Rom.
580 1935 603 1967 et
620 1923 738 1967 lleinsiani
754 1919 844 1984 aliquot
861 1922 1004 1967 recentiores
1015 1937 1067 1965 eum
1080 1921 1194 1974 E1·t.,scd
1207 1938 1260 1966 eum

215 1989 244 2033 ils
254 2001 331 2034 tamen
344 1989 429 2035 Medic.
441 2007 491 2034 am.
502 2007 552 2052 pr.‚
565 1993 590 2036 it.
602 1992 682 2052 fragm.
694 1993 768 2038 Vatie.
780 2009 792 2037 a
803 2007 832 2036 tn.
848 2007 884 2053 pr.
895 2007 947 2035 eum
958 1991 1018 2034 binis
1028 1989 1097 2034 Gotlr.
1108 1991 1261 2035 Vinciturhit·

216 2056 285 2102 codd.
299 2073 423 2104 consensus
434 2073 456 2104 et
467 2063 594 2106 auctoritas
602 2062 694 2123 judicio
705 2061 832 2123 elegantiae.
844 2064 870 2106 Et
881 2056 1036 2120 Πιμμήτιιμ
1047 2077 1178 2122 expressum
1187 2062 1261 2107 rideri

214 2133 460 2192 potesnomm'petentt's
470 2131 534 2177 leid.
545 2144 567 2177 et
578 2133 663 2179 Medic.
676 2151 727 2178 am.
737 2149 783 2178 tec.
793 2157 824 2166 -·
836 2132 887 2191 596.
897 2135 937 2176 eui
946 2139 961 2175 t.
972 2146 994 2174 a.
1002 2147 1043 2194 per
1053 2131 1156 2176 Parrlms.
1167 2159 1198 2168 -
1207 2135 1259 2194 597,

216 2249 341 2317 Σχόσλιος,
359 2251 383 2309 ’ir
401 2267 450 2305 ete.
473 2255 549 2308 lliad.
573 2275 596 2316 r,
614 2256 664 2322 403
682 2255 715 2308 de
764 2255 822 2306 laus
839 2253 921 2324 (nam
939 2256 1040 2325 praeivit
1060 2257 1188 2306 Homerus
1202 2256 1260 2308 loeo

215 2332 339 2392 Hercule,
351 2335 395 2405 qui
406 2334 540 2386 Plutonem
552 2337 648 2406 sagitta
657 2354 715 2405 per·

217 2427 343 2465 currerat.
371 2412 480 2484 —'59t.
503 2431 553 2466 oere
587 2425 613 2465 et
636 2413 716 2486 pulsu

215 2511 361 2564 equorum:
380 2511 447 2544 aereo
467 2513 545 2546 curru
552 2515 559 2555 ;
581 2507 605 2546 et
633 2495 716 2559 forte,

217 2571 290 2642 quod
308 2572 427 2624 additum
444 2573 477 2624 ab
493 2573 566 2637 aliis,
587 2573 660 2624 areis
677 2572 716 2624 la·

216 2652 293 2704 minis
320 2655 347 2705 in
375 2651 432 2704 solo
461 2653 624 2720 substratis,
649 2669 715 2723 quas

217 2749 346 2801 equorum
357 2732 461 2803 ungule
471 2731 714 2802 pulsarent-593.

217 2830 269 2862 noa
285 2811 331 2864 ille
338 2812 414 2882 faces
427 2811 479 2864 hoe
494 2813 570 2864 valde
586 2829 666 2864 suave
682 2808 717 2862 ad

218 2888 420 2959 deprimendum
448 2889 626 2942 Salmoneum.
652 2891 716 2942 Tres

219 2983 294 3020 erunt
308 2970 415 3022 dicendi
429 2971 563 3036 formula,
575 2990 606 3022 ex
621 2971 716 3041 quilius

220 3051 417 3117 exquisitiorem
448 3051 583 3120 praelntam
616 3050 716 3100 rides:

220 3127 296 3178 toetlas
316 3126 417 3178 lumine
428 3127 541 3196 jumen:
564 3127 654 3178 lumea
674 3127 719 3192 fu·

220 3225 307 3259 meum
319 3207 456 3271 ledarum,
464 3221 489 3259 et
500 3206 720 3275 lumeafumeum

176 3315 180 3321 ·
222 3287 300 3338 tedis.
318 3288 418 3338 turbiue
434 3305 482 3357 pro
495 3287 619 3351 fulmine,
637 3299 665 3336 ut
680 3305 720 3338 so·

222 3364 277 3418 lent
286 3367 378 3432 nimbi,
391 3365 650 3437 tur-binea,pr0eelle
661 3383 720 3417 eum

223 3465 254 3498 eo
265 3464 321 3498 esse
332 3449 490 3516 conjunctae.

257 3525 412 3595 595-600.
432 3527 517 3578 Etiam
537 3528 564 3578 in
586 3526 679 3596 Tityo,
692 3541 721 3578 ut

221 3607 247 3658 in
263 3604 378 3669 Aloidis,
394 3609 461 3658 rasti
483 3609 602 3677 eorporis
621 3606 719 3671 robur,

221 3696 248 3734 et
260 3697 323 3736 nata
334 3684 396 3736 iude
408 3685 563 3750 insolentia,
577 3683 653 3753 ὕβρις,
671 3685 719 3738 de·

221 3763 323 3814 clarata
347 3783 362 3815 a
387 3777 437 3815 ret.
460 3767 553 3834 poetis.
578 3766 718 3829 Omnium,

223 3846 269 3912 qui
286 3863 399 3914 usquam
416 3845 479 3895 lacti
500 3859 574 3910 eunt,
597 3865 721 3898 versuum

221 3923 415 3991 pulcherrimos
424 3923 719 3994 essehussesfflronun·

224 4005 272 4054 tint
290 4007 337 4056 Vir
358 4004 461 4056 doetus.
481 4007 546 4056 Sunt
562 4023 625 4058 sanc
644 4025 723 4063 orua-

224 4085 332 4152 rissimi,
345 4083 391 4138 sed
407 4103 455 4138 uec
467 4085 567 4138 inventi
587 4085 641 4138 ulla
652 4089 679 4142 itt
691 4087 722 4139 iis

766 2334 863 2397 nobili,
876 2332 969 2405 Odyss.
984 2349 1010 2394 a,
1027 2332 1077 2403 575
1088 2363 1121 2372 -
1130 2333 1180 2385 580
1193 2348 1217 2386 et
1235 2337 1262 2386 in

765 2414 852 2465 verbis
865 2413 968 2464 Lueret.
983 2413 1031 2476 tlt,
1044 2429 1094 2482 997
1108 2431 1166 2482 sqq.
1178 2426 1203 2465 et
1216 2415 1263 2464 At-

766 2495 817 2544 tius
830 2493 856 2544 in
871 2490 1027 2542 Prometheo
1038 2490 1110 2562 apud
1117 2490 1172 2541 Cic.
1182 2493 1260 2543 Ture.

765 2573 817 2640 Qu.
830 2573 867 2635 ll,
884 2587 930 2633 ro,
943 2590 1000 2641 quae
1012 2571 1071 2622 loca
1082 2571 1264 2642 comparanda

765 2651 871 2704 suntin
891 2651 1014 2720 singulis,
1038 2649 1085 2701 sed
1109 2653 1225 2722 sequior-e
1238 2665 1265 2704 et

765 2731 874 2782 meliore
895 2727 1010 2798 judicio,
1031 2748 1110 2800 quarn
1131 2733 1264 2804 Scaliger,

765 2808 852 2860 Cerdo
864 2807 944 2859 etalii
954 2810 981 2860 in
993 2810 1107 2860 llomero
1117 2823 1143 2861 et
1153 2813 1264 2884 Virgilio

765 2891 886 2940 fecerunt
896 2887 920 2958 ),
930 2907 979 2938 nec
990 2907 1030 2939 res
1039 2890 1194 2958 exponitur,
1206 2911 1264 2962 quae

767 2969 857 3038 aliqua
889 2985 949 3020 cum
979 2969 1108 3020 suavitate
1139 2973 1265 3040 cognosci

767 3050 859 3118 possit.
882 3047 942 3097 Non
961 3048 1031 3098 euim
1050 3045 1141 3098 lrorret
1162 3051 1264 3100 animus

768 3126 892 3194 legentis,
905 3125 952 3176 setl
963 3138 1099 3176 aversatur
1107 3129 1183 3194 jecur
1193 3133 1265 3182 sanie

770 3204 902 3256 difllueus.
915 3201 1053 3254 alumnum
1068 3207 1197 3274 accipiam
1216 3227 1265 3278 pro

770 3283 841 3346 lilio,
854 3297 883 3334 ut
895 3285 999 3334 llourer.
1011 3285 1079 3348 pelas
1091 3283 1200 3352 ἐρικυδέος
1212 3285 1267 3340 υἱέι.

771 3361 870 3412 Volunt
883 3374 970 3414 tamen
983 3364 1070 3432 lntpp.
1085 3377 1193 3433 poetam
1203 3366 1268 3418 ulte-

771 3461 828 3492 ram
849 3443 1028 3492 narrationem
1050 3446 1139 3512 sequi,
1162 3463 1215 3514 qua
1237 3465 1268 3498 ex

770 3523 850 3574 Elaea
869 3535 1006 3592 susceptus
1030 3541 1045 3574 a
1069 3523 1174 3576 Tellure
1194 3539 1268 3579 utero

770 3605 821 3655 tuit
833 3615 958 3674 gestatus.
970 3604 1065 3654 Praeter
1075 3605 1269 3675 Apollodorum

769 3683 818 3754 (l,
831 3686 860 3752 4,
873 3684 892 3735 l.
911 3685 972 3734 Not.
986 3703 1012 3754 p.
1031 3685 1088 3756 43)
1106 3705 1129 3736 r.
1142 3689 1267 3758 Apollon.

769 3767 855 3836 1,761
872 3784 930 3836 sqq.
942 3783 991 3836 per
1002 3785 1092 3818 novem
1103 3771 1210 3840 jopem,
1224 3792 1269 3824 an-

770 3849 846 3917 tiquo
868 3865 989 3898 sermone
1009 3845 1042 3898 ad
1061 3851 1181 3918 eorporis
1202 3856 1269 3905 rasti

771 3928 887 3998 speciem
905 3925 1094 3978 declarandam
1110 3927 1162 3980 hoc
1181 3930 1269 3983 valere

772 4007 867 4076 potuit.
896 4005 1037 4056 Tumulum
1062 4019 1149 4059 tamen
1176 4027 1270 4060 norem

772 4085 939 4158 plethrorum
958 4085 992 4140 ad
1011 4087 1148 4158 Panopeos
1166 4089 1270 4140 Boeotiae
