3022 4682
439 391 674 458 nnmnos
698 391 851 456 Lissa
873 389 935 456 vr.
1147 400 1206 478 141

170 525 232 586 Per
243 519 426 608 genitorem
439 541 512 597 orn,
527 540 586 605 per
598 539 672 605 spes
685 516 848 604 surgentis
863 517 941 596 Iuli,

170 628 268 715 Eripe
282 648 335 689 me
347 623 413 702 his,
427 624 562 703 invicte,
575 624 668 688 malis
681 647 688 686 ι
701 639 758 688 aut
770 609 900 687 tu'mihi
912 639 1032 689 terram
1166 640 1210 687 ³65

171 729 287 820 lnjice,
301 750 444 816 namque
456 744 565 816 potes,
578 744 760 817 portusque
773 729 905 816 require
918 729 1067 812 Velinos;

170 837 237 898 Aut
248 851 298 912 tu,
311 834 339 898 si
351 855 416 922 qua
428 833 478 896 vin
492 848 554 911 est,
569 833 596 896 si
609 855 708 920 quam
721 831 781 896 tibi
793 831 868 895 diva
881 835 1018 898 creatrix

171 937 339 1016 Ostendit,
352 961 461 1027 neque
475 939 577 1016 enirn,
591 935 707 1015 eredo,
721 938 791 1001 sine
804 938 940 1002 numine
954 936 1065 1003 divom

172 1045 322 1108 Flumina
334 1059 423 1108 tanta
436 1064 530 1130 paras
541 1043 751 1131 Stygiamque
765 1028 878 1105 innare
891 1041 1062 1128 paludem,

171 1151 221 1213 Da
234 1147 380 1213 dextram
393 1149 528 1226 misero,
543 1163 576 1210 et
587 1163 698 1210 tecum
710 1145 855 1210 metelle
870 1167 931 1233 per
943 1146 1062 1227 undas,
1169 1165 1214 1228 370

172 1251 312 1319 Sedibus
324 1269 362 1317 ut
373 1254 487 1318 saltem
501 1249 638 1339 placidis
651 1251 684 1314 in
696 1267 802 1315 morte
815 1251 992 1339 quiescam.
1006 1281 1019 1312 n

173 1359 266 1422 Talia
279 1359 365 1422 fatus
379 1374 460 1435 erat,
475 1357 574 1444 coepit
587 1377 689 1445 quum
702 1356 778 1420 talia
791 1373 879 1421 vates
892 1379 899 1418 :

177 1491 191 1520 a
204 1461 300 1527 Unde
313 1460 397 1540 haec,
412 1484 432 1524 o
446 1460 610 1538 Palinure,
622 1459 682 1524 tibi
694 1477 761 1524 tam
774 1457 844 1524 dira
857 1459 998 1547 cupido?

173 1571 227 1633 Tu
238 1568 362 1657 Stygias
375 1565 563 1630 inhumatus
575 1587 692 1654 aquas,
705 1587 903 1654 amnemque
916 1587 1068 1631 severum

173 1671 395 1738 Eumenidum
408 1669 585 1760 adspicies,
599 1671 745 1758 ripamve
758 1669 901 1759 injussus
913 1669 1038 1736 adibis?
1170 1687 1213 1752 ³7⁵

171 1779 294 1844 Desine
306 1777 371 1842 lata
384 1776 484 1841 deum
496 1776 584 1841 flecti
597 1797 728 1863 sperare
741 1773 925 1863 precando:

172 1884 237 1950 Sed
250 1906 329 1973 cape
343 1882 429 1948 dicta
441 1904 583 1961 memor,
597 1879 672 1945 duri
684 1881 798 1946 solatia
811 1903 904 1946 casus
915 1905 921 1944 :

205 2014 258 2070 364.
276 2015 321 2059 Per
330 2029 381 2075 spes
393 2029 420 2059 ex
431 2012 535 2058 lherob.
552 2013 573 2056 V
591 2013 636 2057 Sat.
650 2027 676 2074 7,
694 2024 717 2058 et
733 2011 802 2058 codd.
815 2016 875 2068 suis,
887 2029 913 2058 ac
926 2013 1000 2069 Pien,
1018 2019 1121 2078 reposuit
1137 2019 1214 2070 lleine.

173 2085 252 2146 Vulgo
268 2086 313 2130 Per
328 2099 396 2146 spem.
412 2084 458 2130 Sed
472 2082 538 2130 alteri
555 2081 608 2144 plus
624 2082 741 2142 dignitatis
755 2095 777 2128 et
793 2085 910 2143 gravitatis
927 2086 994 2129 inest.
1012 2087 1039 2130 Et
1052 2089 1101 2148 jam
1113 2103 1163 2151 sup.
1175 2093 1216 2150 lv,

176 2155 221 2217 apd
241 2157 364 2200 Ascanium
382 2165 508 2218 sunjentem
525 2163 548 2198 et
564 2167 615 2215 spes
634 2151 719 2197 heredis
738 2151 784 2198 iuli
800 2155 890 2214 respice.
904 2175 936 2187 -·
953 2153 1006 2200 365.
1025 2156 1059 2203 At
1075 2165 1098 2202 tu
1115 2158 1162 2205 duo
1178 2178 1216 2222 ap.

175 2227 255 2270 Burin.
270 2235 341 2268 terim
354 2223 412 2270 alter
421 2223 503 2268 llamb.
514 2239 526 2268 a
536 2237 567 2267 m.
580 2237 625 2268 sec.
636 2245 669 2257 ·-
681 2222 733 2268 366.
746 2221 846 2285 relinque
861 2224 889 2266 V.
904 2222 1018 2268 Montalh.
1029 2249 1060 2260 ·-·
1075 2225 1127 2286 367.
1140 2229 1165 2274 Si
1173 2246 1220 2292 qua

177 2293 218 2339 xiii
228 2294 258 2338 D.
272 2293 332 2338 Gud.
343 2308 395 2338 am.
408 2309 444 2355 pr.
455 2293 564 2338 Rottend.
575 2307 620 2338 see.
630 2315 662 2328 -
673 2291 724 2338 368.
738 2293 803 2338 crede
814 2290 904 2354 aliquot
917 2292 976 2338 Pier.
988 2317 1019 2328 -
1031 2293 1083 2355 369.
1094 2313 1160 2358 pares
1172 2311 1218 2347 tren

176 2381 214 2426 ap.
224 2365 302 2408 Burni.
313 2367 397 2408 inuam
409 2365 484 2423 nigor.
496 2387 528 2399 -
537 2362 589 2424 370.
602 2370 624 2406 et
635 2377 669 2406 nte
682 2369 753 2407 neum
763 2363 830 2407 Witt.
843 2360 934 2406 utnbms
945 2362 1018 2424 Bigot.
1028 2389 1059 2399 -
1070 2363 1123 2427 372.
1136 2369 1183 2412 Vir
1192 2385 1219 2414 ea

170 2433 238 2497 faties
249 2448 269 2478 e.
279 2449 300 2478 c.
310 2449 331 2478 c.
344 2442 359 2478 t.
370 2436 430 2497 viiyo
440 2434 548 2478 Priscian.
559 2449 583 2495 p.
597 2431 662 2478 1186.
670 2430 761 2494 «374.
774 2435 834 2477 Tum
843 2433 924 2477 Franc.
932 2431 1022 2493 -375.
1033 2437 1110 2497 ripaue
1119 2437 1219 2487 malebat

176 2503 260 2550 Cerdn.
277 2507 361 2549 invisus
371 2517 417 2550 tres
429 2521 466 2566 ap.
479 2504 569 2558 num,
588 2516 611 2549 et
626 2502 671 2548 hoc
683 2503 795 2566 Pompon.
811 2503 864 2549 sib.
880 2504 1052 2565 interpretatur.
1067 2507 1138 2554 adibis
1152 2511 1217 2562 Rom.
1280 2535 1284 2546 r

147 2581 151 2592 ¹
177 2589 231 2620 cum
242 2574 311 2620 codd.
322 2587 400 2637 parte,
413 2577 482 2620 etiam
492 2575 537 2618 Eri.
549 2591 561 2618 a
573 2587 604 2618 m.
617 2589 666 2636 pr.,
677 2574 741 2636 quod
753 2574 810 2620 mihi
822 2573 918 2638 quidem
930 2573 1004 2620 multo
1016 2580 1088 2640 magis
1096 2581 1217 2646 probatur.

176 2643 238 2708 conl.
251 2659 301 2705 sup.
313 2643 366 2690 313.
379 2644 436 2700 3ι4,
446 2645 526 2707 itaque
539 2659 602 2690 nune
614 2646 692 2705 recepi
702 2659 755 2689 cum
765 2645 889 2691 Bruuelio.
899 2643 983 2708 Vulqg.
997 2657 1074 2694 tamen
1085 2647 1155 2698 abibis
1167 2670 1218 2702 ser-

175 2725 230 2758 vant
238 2715 301 2759 Serv.
314 2713 399 2759 llledie.
410 2729 463 2759 eum
473 2713 551 2760 multis
560 2716 621 2761 Pier.
633 2727 656 2760 et
667 2715 746 2761 lleint.
759 2731 784 2761 ac
795 2715 920 2761 Burmann.

176 2814 211 2868 66
223 2833 281 2887 sqq.
299 2818 332 2870 de
351 2819 490 2890 Elpenore.
505 2851 538 2859 -
550 2821 611 2887 364.
626 2837 676 2892 per
723 2819 828 2874 flumen.
841 2850 876 2860 -
890 2820 951 2888 371.
971 2820 1078 2874 Sedibus
1094 2844 1102 2873 .-
1121 2823 1155 2877 de
1176 2846 1219 2880 re-

176 2913 231 2966 spes
241 2898 368 2970 serpentis
385 2899 457 2964 Iuli,
478 2899 673 2966 udplescentis:
723 2913 801 2970 cepta
813 2902 839 2950 in
849 2898 1132 2953 locisinierisumbra:
1147 2923 1171 2954 r.
1186 2908 1221 2959 ad

178 2977 227 3042 lV,
249 2977 300 3044 ²74
320 2979 462 3030 Ascanium
484 2992 630 3052 snrqentem
651 2990 677 3030 et
724 2999 748 3030 v.
764 2975 1103 3048 152.mltM‚quianautae
1116 2999 1221 3054 semper

178 3072 232 3124 spes
256 3053 353 3108 heredis
379 3055 431 3106 Iuli
458 3057 674 3127 respice—365.
724 3068 912 3129 vagantur,ut
924 3057 1028 3107 Servius
1040 3059 1107 3111 bene
1121 3076 1219 3115 monet.

179 3132 262 3202 Eripe
278 3152 318 3182 me
337 3133 374 3186 liis
393 3134 483 3200 mulis,
496 3135 558 3188 huic
572 3136 679 3188 calami·
725 3139 822 3188 Versus
835 3137 885 3206 370
898 3153 929 3187 ex
941 3135 1016 3186 lliad.
1033 3137 1061 3203 ψ,
1076 3138 1109 3208 75
1126 3139 1221 3193 subna-

179 3213 242 3276 tati‚
260 3213 333 3282 quod
352 3213 511 3283 insepultum
524 3233 620 3284 corpus
635 3217 675 3282 ja·
725 3227 766 3265 tus
777 3236 782 3264 ι
794 3210 972 3278 ιιὶμοιδὸςσὺ
981 3215 1053 3284 χεῖρ’,
1065 3215 1220 3288 ὀλιφύμμη,

179 3304 231 3343 cet.
253 3289 376 3343 Colorem
397 3295 524 3343 sermonis
541 3303 676 3342 mutuatur
725 3291 840 3344 Patrocli
852 3292 954 3343 umbra.

180 3370 269 3422 Valer.
282 3369 320 3422 Fl.
333 3373 373 3440 11,
389 3371 440 3439 490
456 3371 550 3440 Eripe,
565 3386 678 3440 namque
761 3369 916 3438 372-383.
934 3389 1038 3422 amnem
1049 3391 1162 3426 severum
1176 3377 1221 3448 (h,

180 3459 394 3521 potes-portus
415 3448 522 3504 Velinus
543 3467 591 3520 per
615 3466 678 3518 pro·
726 3467 750 3501 e.
765 3450 878 3512 tristem,
900 3449 1224 3522 horrendum)Eumeni.

181 3529 266 3597 lepsin
279 3525 363 3579 dictos
376 3547 392 3580 a
404 3529 478 3580 Velia
491 3529 518 3578 in
531 3525 625 3579 iisdem
640 3526 679 3577 lo·
726 3526 790 3578 dum
807 3525 884 3577 docte
898 3525 975 3592 dixit,
988 3528 1081 3580 eodem
1094 3533 1174 3586 modo
1191 3557 1222 3590 ac

182 3609 219 3660 cis
233 3608 267 3660 ad
277 3607 426 3660 Palinurum
437 3627 521 3678 prom.
533 3605 678 3678 aliquando
728 3608 750 3658 si
762 3605 872 3657 deorum
883 3607 1045 3674 inferorum,
1059 3610 1222 3686 Proserpinae

184 3685 338 3751 condenda,
357 3686 679 3758 (ct.0uwens1,2)ubi
726 3685 769 3738 vel
794 3687 912 3750 llecntae,
937 3686 1093 3757 appellares.
1119 3692 1222 3748 Servius

183 3766 297 3818 cadaver
303 3765 522 3836 jaciam-367.
532 3767 600 3817 Diva
607 3783 679 3816 erea-
728 3764 810 3816 male:
822 3766 912 3816 «circa
921 3765 1223 3836 quernhabitantEume.

185 3847 237 3897 trix
249 3848 327 3898 etiam
339 3847 412 3908 Vlll,
424 3844 474 3910 534
486 3859 569 3896 mater
579 3848 679 3912 AEnen,
732 3845 842 3908 «niden
854 3869 864 3892 ι
876 3847 948 3916 quod
963 3862 1031 3901 esset
1044 3856 1223 3908 revocandum

184 3926 286 3985 Venus,
303 3937 332 3975 ut
351 3943 436 3976 creare
453 3942 501 3994 pro
520 3943 628 3994 parere,
644 3925 678 3975 cf.
730 3922 798 3977 adr.
814 3927 877 3990 280,
890 3927 935 3979 ubi
947 3927 1102 3983 Eumenides
1112 3935 1138 3984 in
1149 3935 1224 3988 aditu

184 4005 272 4056 Burm.
287 4005 378 4056 innare
390 4004 493 4058 doctius
507 4023 586 4075 quam
598 4006 682 4076 ingre·
729 4005 801 4056 Orci.
812 4004 862 4058 Sed
875 4007 903 4058 id
918 4009 995 4060 nimis
1007 4009 1085 4083 longe
1100 4016 1222 4083 petitum.

186 4081 214 4136 di
236 4083 347 4152 ilumen,
370 4083 462 4152 adire,
485 4085 610 4157 navigare
633 4097 682 4157 per
730 4085 833 4157 -377.
850 4105 912 4159 cape
924 4107 1035 4159 memor,
1055 4104 1114 4145 tene
1126 4111 1225 4148 memo.
