3022 4682
292 413 351 479 ¹7⁰

536 389 570 450 r.
594 385 825 481 vraorsrr
849 387 1081 456 aranouts

286 515 433 580 Districti
446 512 606 604 pendent,
620 511 727 592 sedet,
744 529 970 603 {eternumque
983 512 1128 596 sedebit,

286 621 404 686 Infelix
416 619 580 697 Theseus3
594 618 819 708 Phlegyasque
831 620 1034 686 miserrimus
1047 623 1155 687 omnis

287 726 465 808 Admonet,
479 743 512 791 et
523 749 638 815 magna
651 741 789 790 testatur
800 749 881 791 voce
893 749 954 815 per
966 728 1117 792 umbras:

315 902 369 965 617.
382 903 490 950 uererer
498 901 584 950 Medic.
594 917 647 948 cum
661 902 742 964 fragm.
755 903 828 948 vatic.
839 901 965 966 multisque
975 903 1033 950 eliis.
1042 905 1154 959 Temere,
1164 919 1210 950 non
1223 905 1328 966 pendent

286 974 380 1036 deligati
388 973 418 1020 de
429 987 492 1029 rota,
501 974 542 1020 sed
551 985 607 1020 rota
615 973 710 1036 illigati3
719 973 825 1036 adeoque
834 973 976 1021 distineatur
987 975 1097 1022 membris
1106 975 1327 1024 distractis-618.

287 1050 371 1092 Tereus
383 1045 439 1092 olim
453 1047 497 1092 luit
508 1046 597 1092 Brodaei
610 1047 742 1092 emendatio
753 1045 879 1092 admodum
893 1048 983 1092 inscita.
994 1047 1056 1093 Male
1068 1045 1151 1094 babuit
1161 1049 1223 1094 siros
1234 1048 1329 1106 doctos,

285 1117 349 1181 quod
359 1115 463 1164 Theseus
475 1120 536 1163 inter
548 1119 631 1180 impios
643 1117 736 1164 habitus
748 1120 755 1174 (
768 1115 810 1162 sed
825 1117 873 1164 sid.
885 1118 938 1162 Nor.
949 1119 970 1177 );
987 1129 1010 1163 et
1026 1117 1090 1180 quod
1102 1117 1165 1164 idern
1179 1132 1230 1179 sup.
1243 1134 1265 1162 r.
1282 1117 1326 1177 ³93

283 1190 346 1234 inter
358 1203 411 1242 eos,
430 1189 470 1250 qui
484 1190 530 1234 riri
542 1190 629 1234 Oreum
641 1189 737 1250 ingressi
749 1199 816 1243 sunt,
829 1200 969 1234 memoratus
981 1199 1037 1234 erut.
1050 1188 1099 1234 lloo
1110 1189 1205 1234 nomine
1217 1199 1327 1234 notamus

282 1255 361 1303 locum
371 1259 419 1318 jam
431 1269 486 1304 vett.
499 1258 646 1304 Grammatici
659 1275 696 1320 ap.
709 1257 769 1304 Gell.
782 1259 815 1312 x,
831 1257 865 1304 ιθ.
877 1258 924 1305 Sed
935 1274 979 1306 nec
989 1258 1018 1306 de
1031 1271 1135 1320 regressu
1146 1257 1179 1303 ibi
1191 1259 1328 1304 meminerat

281 1341 364 1391 poeta,
382 1341 405 1375 et
417 1329 483 1376 licuit
491 1331 513 1376 ei
525 1329 563 1377 hic
576 1330 644 1376 aliam
656 1329 758 1376 fabulam
770 1332 845 1394 sequi.
855 1331 890 1378 Cf.
902 1331 918 1376 l.
928 1329 945 1378 l.
958 1331 988 1378 ab
996 1331 1076 1378 licius.
1086 1341 1111 1376 et
1119 1330 1197 1376 Burro.
1207 1327 1327 1392 Pldepurs,

281 1399 389 1465 Fkyeur,
402 1399 530 1467 Pityous,
542 1401 601 1448 mele
611 1400 707 1448 librarii.

282 1549 404 1618 adeoque
423 1549 542 1623 enallage
555 1555 677 1620 numeri,
698 1571 779 1622 quam
827 1549 880 1602 lem
896 1552 1027 1604 Theseum
1039 1549 1175 1606 sedentem
1194 1551 1221 1600 iu
1242 1548 1326 1602 Surda

280 1630 399 1680 inferunt
418 1632 467 1680 viri
482 1629 570 1696 docti,
583 1652 674 1684 carere
686 1650 779 1703 possu-

280 1726 348 1758 mus.
363 1707 443 1760 rads't's
461 1721 576 1761 rotarum
589 1711 699 1763 districti
713 1729 779 1780 pen-

280 1787 359 1852 dent,
373 1801 481 1850 ornate;
501 1803 564 1840 rota
577 1789 683 1862 illigatis
695 1809 779 1840 meru·

278 1867 334 1920 bris
347 1867 518 1939 distinemur,
529 1871 568 1924 tet
578 1873 662 1940 ψχοῦ
671 1871 781 1922 smarri-

278 1965 368 2010 torrer‚
383 1951 494 2019 petitum
509 1969 523 2003 a
535 1953 657 2003 tormenti
669 1969 778 2023 genere,

280 2028 353 2096 quod
366 2029 452 2099 ipsum
474 2049 523 2101 pro
544 2032 676 2102 supplicio
696 2034 778 2084 inter·

279 2103 343 2156 dum
356 2108 420 2170 fuit3
435 2109 467 2161 de
485 2128 539 2181 quo
552 2113 661 2183 copiose
674 2111 778 2177 Cerdo,

278 2187 318 2236 sie
335 2199 435 2252 tamen,
455 2203 485 2240 ut
504 2191 582 2261 plura
601 2210 699 2264 genera
720 2205 777 2242 tor-

812 1647 979 1698 respressum
1008 1629 1082 1682 vides
1111 1648 1154 1699 sp.
1189 1627 1326 1679 Winelrol-

828 1725 916 1760 maun.
937 1727 964 1758 n.
986 1708 1028 1758 Cl.
1052 1710 1082 1759 ln
1103 1721 1196 1779 patere
1216 1707 1324 1772 italica,

828 1787 965 1839 Etruscam
988 1800 1101 1853 vocent,
1133 1805 1190 1857 quse
1214 1787 1325 1838 Verona

828 1879 962 1932 seruetur,
986 1866 1104 1920 Theseus
1127 1878 1248 1937 serpente
1273 1867 1327 1916 eir·

828 1945 967 1998 eumdatus
984 1948 1129 2012 retinetur,
1150 1944 1262 1997 Hercule
1281 1944 1327 1995 erl·

827 2029 965 2094 veniente,
978 2046 1021 2098 sp·
1035 2027 1135 2078 Passer.
1147 2025 1210 2076 Piot.
1222 2025 1323 2076 Etruse.

827 2109 901 2158 Tom.
925 2110 965 2172 11,
987 2127 1014 2180 p.
1037 2108 1080 2177 49.
1107 2107 1159 2173 Qui
1183 2117 1326 2156 narrantur

827 2190 933 2256 capanule
954 2190 976 2243 s'r
996 2185 1100 2254 λιχᾶωσι
1113 2190 1248 2258 jacentes,
1271 2185 1325 2238 alto

827 2288 923 2340 sopore
940 2271 1052 2342 sepulti,
1072 2269 1099 2320 in
1120 2269 1232 2320 Tsrtero
1252 2266 1324 2337 apud

827 2349 972 2401 Hesiodum
995 2349 1095 2420 Theop.
1118 2364 1178 2418 797.
1201 2345 1268 2416 798,
1290 2346 1324 2396 ad

277 2280 427 2319 mentorum
447 2271 607 2330 coufundut;
628 2270 679 2322 hoo
699 2273 779 2344 igitur

278 2345 384 2412 equulei
405 2363 487 2418 genus
507 2351 541 2402 ad
562 2353 778 2422 lxionispoenam

276 2425 434 2476 translatum
447 2441 494 2478 est.
825 2431 934 2498 perjurii
947 2447 995 2499 per
1006 2427 1110 2498 Stygem
1127 2443 1232 2497 poensm
1245 2428 1326 2496 perti·

312 2504 363 2572 617
374 2533 407 2544 -
418 2507 478 2559 625.
490 2508 581 2559 Multis
589 2508 675 2561 modis
682 2509 777 2561 fabula
825 2519 896 2559 neat.
911 2506 963 2560 Sed
974 2506 1132 2558 miraculum
1145 2506 1183 2556 rei
1202 2503 1323 2556 additum

276 2579 311 2632 de
323 2581 426 2636 Theseo
438 2587 489 2637 fnit
502 2600 615 2639 tractata
627 2601 653 2640 et
665 2601 774 2651 ornata3
824 2600 863 2638 est
876 2589 902 2638 in
912 2605 961 2650 eo,
974 2586 1047 2656 quod
1059 2586 1177 2638 Theseus
1187 2601 1251 2636 sexo
1264 2587 1324 2636 insi·

276 2661 337 2712 side
350 2679 374 2712 v,
388 2681 409 2714 o.
421 2665 499 2716 ovid.
510 2667 573 2718 Met.
584 2669 647 2733 Vll,
661 2667 711 2734 433
722 2687 774 2739 sq.;
825 2667 887 2732 det,
899 2665 1017 2719 neeinde
1025 2667 1113 2718 levare
1121 2682 1218 2735 oorpns
1225 2677 1322 2734 potest.

276 2757 326 2791 nee
346 2743 454 2805 mirum,
479 2747 553 2797 fuere
577 2747 647 2798 euim
668 2747 775 2818 plures,
824 2749 896 2798 conf.
917 2747 1004 2798 schol.
1019 2745 1192 2816 Apolloniil,
1208 2747 1323 2796 ror.ln-
1365 2759 1368 2764 '

277 2820 322 2889 qui
341 2839 395 2872 non
414 2822 495 2874 modo
515 2827 673 2895 attigerant,
686 2826 732 2877 sod
749 2839 776 2878 et
825 2840 864 2878 ter
877 2842 998 2879 auctores
1009 2826 1088 2896 hujus
1101 2827 1260 2877 uenationis
1272 2826 1324 2875 fuit

275 2898 419 2953 Theseides
431 2920 439 2939 ’
453 2903 637 2956 condiderunt.
679 2908 774 2956 dotum
823 2909 955 2980 Panyasis.
969 2926 994 2958 v.
1011 2910 1122 2959 Paussn.
1135 2905 1152 2956 l.
1170 2924 1193 2956 c.
1209 2901 1323 2972 opressit

275 2980 355 3030 etiam
374 2980 407 3032 de
428 2981 523 3035 Thesei
542 2997 568 3034 et
589 2983 698 3036 Pirithoi
718 2985 775 3036 des·
823 2985 848 3038 dl
862 2986 937 3056 (scil.
955 2985 1089 3058 χρῖμέτι)
1109 2983 1158 3038 tisri
1175 2986 1219 3036 uod
1234 2982 1322 3050 xtende

277 3075 356 3110 censu
370 3061 396 3111 in
409 3062 542 3133 Minysde
560 3081 585 3113 v.
608 3065 718 3115 Pansan.
733 3067 772 3130 x,
823 3067 876 3118 dmi
896 3069 984 3132 δεσμεῖν
1006 3068 1082 3132 σφίσιν
1103 3064 1144 3130 ies
1164 3061 1204 3116 air
1226 3063 1321 3132 πίοιμι.

276 3141 324 3200 28,
343 3142 406 3192 item
422 3143 449 3192 in
464 3143 605 3196 lleraoleis.
626 3145 693 3196 Nam
710 3147 774 3197 Her·
822 3147 962 3200 Liberatus
986 3159 1073 3200 tamen
1095 3161 1120 3198 et
1142 3143 1266 3196 reductus
1290 3161 1322 3196 er

275 3220 348 3272 eules
366 3221 494 3275 descensu
515 3223 549 3276 ad
567 3223 711 3277 Cerberum
730 3227 775 3278 ad·
822 3229 914 3280 inferis
930 3230 1049 3284 Theseus
1065 3225 1239 3286 ebllercule;
1260 3226 1323 3276 Piri-

273 3299 425 3353 ducendum
438 3306 464 3356 in
478 3305 577 3356 inferos
594 3308 666 3357 facto
678 3307 774 3360 libore·
822 3307 887 3359 thoo
911 3309 1024 3372 relicto,
1042 3325 1123 3378 quum
1141 3320 1215 3356 terrae
1233 3317 1321 3356 motus

272 3383 490 3436 ritTheseurn.v.
502 3385 627 3456 Apollod.
636 3389 659 3438 ll
667 3423 675 3452 ,
689 3387 719 3451 5,
733 3405 773 3452 ru,
821 3387 962 3440 lleroulem
977 3387 1176 3439 absterruisset:
1196 3383 1321 3454 Apollod.

272 3477 298 3530 p.
328 3479 383 3515 ¹22.
407 3465 486 3535 Apud
508 3468 651 3518 Homerum
667 3467 719 3518 Orl.
741 3489 771 3530 ι,
821 3469 861 3534 ll,
878 3466 911 3530 5,
935 3483 980 3528 ης
1002 3465 1073 3517 unde
1092 3478 1180 3534 putet,
1200 3463 1322 3514 inlleru·

273 3540 376 3613 63osq.
390 3544 507 3598 Theseus
526 3565 586 3599 eum
607 3547 725 3599 Pirithoo
744 3550 770 3602 in
821 3547 878 3598 elea
902 3547 1004 3615 antiqui
1027 3558 1113 3615 poete
1129 3543 1185 3596 brea
1201 3545 1321 3614 exposita

272 3623 364 3674 inferis
388 3625 549 3679 substiterat.
571 3627 668 3680 Noster
690 3641 772 3699 posta
820 3628 925 3678 brisso:
951 3628 997 3678 ubi
1020 3643 1045 3677 v.
1071 3627 1132 3678 Not.
1155 3643 1180 3696 p.
1206 3625 1257 3691 433
1278 3641 1318 3693 sq.

271 3699 324 3752 hoo
337 3707 472 3773 sequitur,
484 3721 512 3757 ut
524 3706 655 3772 Theseus,
666 3707 702 3758 oh
712 3727 772 3779 rap·
820 3705 1320 3777 ContrariasfabulsssequebsturVir·

272 3791 328 3830 turn
340 3779 521 3855 Proserpina,
541 3786 634 3839 sedem.
652 3789 709 3839 Hoc
727 3787 773 3838 ha·
820 3787 898 3860 gilius
911 3803 968 3858 sup.
984 3803 1047 3850 raa,
1061 3787 1108 3838 ubi
1127 3787 1160 3837 de
1177 3803 1208 3836 ea
1224 3802 1252 3834 re
1263 3785 1319 3852 jorn

271 3857 329 3910 bitu
340 3863 498 3929 poenitentiae
508 3878 534 3916 et
544 3867 639 3919 summi
650 3870 769 3919 moeroris
820 3869 949 3920 monitum
969 3881 1016 3919 est.
1038 3864 1184 3938 Phlepyus,
1198 3864 1231 3916 de
1243 3861 1320 3914 Phle-

273 3955 378 3989 seusum
397 3943 474 4013 prodi
495 3957 567 4014 puts.
581 3946 620 3997 lta
641 3945 770 3999 sedebunt
818 3965 925 4018 gyaram
934 3961 1009 4019 pente
1019 3947 1064 3999 alii
1075 3957 1247 4016 acceperant,
1260 3959 1318 4012 quar

270 4016 389 4070 Theseus
402 4033 426 4072 et
440 4022 572 4074 Pirithous
585 4026 612 4076 in
622 4025 714 4078 tabula
724 4029 771 4078 Po·
818 4029 970 4100 Minyadem
983 4030 1088 4080 Boeotiis
1101 4027 1272 4088 inhabitavit,
1291 4035 1318 4074 et

272 4099 372 4171 lpgnoti
386 4117 430 4174 ep.
451 4102 562 4155 Puusau.
575 4103 612 4170 ll,
633 4121 672 4174 ²9·
687 4107 718 4158 Et
731 4119 771 4162 ta·
819 4121 929 4180 propter·
941 4110 1103 4182 impietatem
1120 4105 1199 4159 adeo
1217 4103 1318 4157 abolita
