3022 4682
363 395 628 466 excursus
652 401 667 464 1
690 401 752 466 An
775 401 976 472 aionon
998 411 1037 474 v.
1174 437 1214 504 9!

182 540 243 574 cum
255 521 287 574 iis
298 520 409 594 aliquod
417 536 521 594 tempus
533 527 631 597 exegit,
644 526 773 598 urbesque
783 529 814 579 iis
825 530 958 599 condidit,
969 529 1008 584 uel
1016 534 1220 606 munerifero

182 597 262 656 nicole
273 598 349 656 rrt'nm
361 601 476 668 ninivem
488 601 528 653 sul
547 601 651 670 Ἔλυμα,
664 620 820 678 partemque
839 611 964 661 comitum
978 613 1015 664 ibi
1034 615 1165 687 relinquit.
1178 619 1221 670 De

181 678 285 750 Elymis
295 681 366 732 infra
377 681 533 734 videbimus.
546 682 597 735 Sed
606 685 734 755 Segestam
743 724 752 751 ,
766 701 891 757 apparet,
905 707 983 760 quam
994 693 1127 764 ingeniose
1137 711 1219 766 poeta

183 762 337 830 arripuerit,
349 773 379 812 ut
395 763 429 814 ab
444 763 525 816 AEnea
541 763 674 817 conditam
688 785 746 818 cam
759 784 829 819 nunc
840 768 1006 838 perhiberet,
1020 793 1077 824 cum
1095 779 1218 846 trajectus

183 839 210 886 in
222 837 326 889 Italiam
342 837 429 903 ficret,
442 853 470 890 ut
483 840 549 893 adeo
561 845 616 912 ejus
630 845 739 895 comites
757 844 829 918 longi
843 850 939 898 erroris
957 849 1034 900 tudio
1047 855 1130 922 capti,
1144 867 1219 924 parte

183 919 264 968 etiarn
276 919 382 970 navium
395 920 517 972 incendio
537 935 688 988 consumta,
702 926 728 974 in
740 943 837 976 novam
854 927 986 994 coloniam
999 934 1220 987 transscriberen-

182 1008 234 1047 tur.
256 998 296 1048 De
305 998 346 1049 his
355 1001 403 1051 inf.
420 1016 466 1068 7¹¹
483 1017 540 1070 sqq.
554 1003 604 1071 749
616 1019 674 1073 sqq.
687 1003 719 1053 Et
728 1022 753 1054 v.
765 1003 815 1072 718
825 1007 912 1056 urbem
920 1007 1093 1078 appellabunt
1098 1013 1221 1082 permisso

183 1077 424 1130 nomineAeestam.
433 1081 493 1147 Quo
503 1082 672 1152 intelligitur,
682 1099 705 1132 v.
721 1081 828 1153 7561100
839 1083 938 1153 Ilium,
948 1098 974 1138 et
983 1087 1037 1140 hoec
1049 1087 1104 1140 loce
1116 1091 1221 1162 ijcm

184 1155 337 1223 Esseg'ulet,
349 1175 403 1208 non
414 1157 448 1208 ad
459 1157 531 1210 urbis
541 1178 650 1223 nomen,
661 1161 708 1212 sed
719 1162 753 1213 ad
763 1165 871 1234 originis
880 1165 1000 1234 Trojanae
1011 1167 1221 1220 recordationem

183 1246 210 1284 et
223 1237 483 1305 repraesentationem
502 1256 558 1290 esse
578 1239 755 1293 referendum.
768 1242 878 1308 Nescio,
893 1263 925 1295 an
938 1245 975 1296 ita
988 1247 1151 1298 Burmannus
1166 1266 1189 1298 e.
1202 1246 1220 1297 l.

185 1316 332 1383 acceperit,
344 1314 391 1366 ubi
399 1315 505 1368 Ruaeum
516 1317 620 1370 refellit.
632 1321 720 1371 Potuit
729 1333 817 1372 tamen
827 1335 907 1392 poeta
920 1327 1106 1394 autaccepisse
1115 1323 1167 1376 hoc
1177 1337 1224 1377 aut

184 1389 297 1463 fingere,
310 1395 391 1446 fuisse
405 1395 432 1445 iu
444 1397 502 1465 ipsa
514 1397 580 1449 urbe
592 1398 651 1450 loca
664 1399 697 1450 ab
717 1401 799 1452 AEnea
817 1402 849 1452 iis
866 1403 1017 1454 nominibus
1030 1403 1181 1476 designata,
1193 1415 1224 1456 ut

183 1471 265 1540 Troja
277 1487 302 1524 et
314 1473 391 1525 Ilium
403 1487 504 1537 essent;
516 1477 647 1547 siquidem
662 1480 741 1531 etiam
754 1479 825 1532 fluvii
835 1483 942 1534 luerunt
951 1483 1045 1534 Simois
1058 1497 1083 1535 et
1095 1483 1223 1535 Scaman-

183 1549 270 1602 derio
282 1568 345 1622 agro
357 1551 440 1604 urbis.
455 1573 479 1605 v.
491 1555 586 1608 Strabo
598 1558 671 1622 xttt,
683 1577 710 1630 p.
722 1561 819 1626 60813,
831 1579 884 1632 quo
897 1563 965 1614 forte
976 1565 1091 1634 respexit
1099 1575 1179 1634 poeta
1188 1564 1221 1627 V,

183 1627 235 1694 634
251 1628 370 1682 Nullane
383 1635 443 1698 jam
464 1634 547 1704 Trnjce
565 1635 685 1688 dicentur
702 1639 816 1690 moeniol
835 1660 963 1714 nusquam
975 1643 1113 1694 Hectoreos
1133 1659 1222 1694 omnes

182 1705 318 1758 Xanthum
328 1721 354 1760 et
361 1710 493 1763 Simoenta
506 1714 615 1766 videbe?
626 1717 682 1769 Nec
695 1737 758 1770 vero
771 1721 843 1789 ipsos
855 1721 1011 1793 Segestanos
1024 1722 1124 1774 alienos
1139 1722 1221 1772 fuisse

182 1785 217 1837 ab
229 1789 358 1856 calama,
371 1791 463 1843 deberi
475 1796 561 1846 AEneae
572 1799 686 1868 origines
699 1817 774 1864 snas,
787 1801 911 1873 colligere
921 1803 983 1856 licet
993 1821 1023 1854 cx
1036 1803 1122 1853 numis
1133 1801 1223 1872 Seges-

182 1866 265 1930 tanis,
279 1868 306 1918 in
320 1869 415 1938 quibus
428 1871 523 1925 AEneas
537 1875 669 1929 Anchisen
681 1897 742 1929 cnm
755 1879 873 1932 Palladio
887 1883 952 1934 urbe
965 1893 1106 1952 exportans
1119 1880 1220 1934 exhibi-

185 1957 227 1996 tus
240 1958 287 1997 est.

219 2025 296 2079 Dicat
308 2041 396 2081 tamen
416 2033 528 2103 aliquis,
541 2046 567 2086 et
585 2037 697 2090 eandem
716 2038 900 2094 difficultatem
918 2045 999 2094 movit
1012 2041 1116 2094 Cluver.
1129 2059 1156 2112 p.
1171 2039 1222 2092 asto

184 2103 254 2156 sicit.
269 2121 337 2172 ant,
350 2112 422 2162 urbes
433 2113 528 2164 Acesten
536 2128 615 2183 poeta
624 2119 679 2185 J'am
692 2117 737 2169 lib.
752 2121 775 2186 l,
789 2121 855 2190 549,
869 2121 920 2173 550
932 2134 1139 2174 memoraverat:
1153 2120 1222 2171 Sunt
1314 2179 1316 2182 ¹

184 2181 311 2237 etSicult's
320 2187 467 2258 regionibus
479 2192 551 2241 uides
560 2229 568 2256 ,
578 2194 701 2266 Amoque
715 2197 880 2270 ijunoque
889 2219 905 2249 α
915 2200 1042 2270 sanquine
1052 2197 1138 2249 clarus
1147 2197 1223 2247 Aces-

185 2271 238 2328 tes,
249 2263 370 2336 adeoque
378 2285 406 2318 se
416 2267 580 2322 vehementer
588 2271 742 2325 obliviosum
752 2277 884 2348 prodidit,
898 2278 960 2329 dum
973 2279 1024 2330 hcc
1037 2277 1142 2328 demum
1154 2275 1223 2326 libro

186 2343 279 2410 quinto
292 2345 385 2397 orbern
397 2349 498 2400 Acesta²
516 2353 700 2405 exstruendam
718 2369 815 2408 narrat.
829 2358 969 2410 Enimvero
982 2359 1095 2429 primum
1113 2353 1225 2407 historia

184 2419 274 2490 plures
294 2419 388 2494 urbes,
402 2445 455 2478 non
471 2447 565 2494 unam,
579 2431 613 2482 ab
631 2433 736 2504 AEgesta
753 2435 875 2488 conditas
894 2437 1032 2508 perhibet;
1046 2449 1097 2487 tres
1116 2433 1223 2506 quidem

184 2498 342 2572 Lycophron
356 2523 380 2556 v.
400 2507 468 2576 964,
482 2527 547 2580 quas
568 2509 727 2564 scholiastes
747 2517 898 2588 AEgestcm,
917 2514 1073 2580 Entellum,
1092 2514 1222 2584 Erycem,

183 2579 285 2630 recitat.
299 2582 333 2632 cl.
346 2582 451 2635 Cluver.
469 2587 528 2637 cod.
546 2607 605 2660 cap.
619 2589 760 2663 Dionysius
769 2589 886 2660 Αἰγίπαν
898 2593 938 2645 ssi
948 2595 1040 2658 'Enopa
1055 2603 1183 2644 memorat
1194 2589 1224 2640 in

182 2657 281 2728 tEgesti
299 2663 411 2732 gratiam
426 2665 461 2717 ab
472 2667 554 2720 AEnea
567 2670 697 2723 conditas.
715 2669 806 2746 Elyma
819 2674 926 2746 quidem
939 2677 965 2726 in
983 2676 1107 2747 Erycem,
1119 2673 1222 2739 Ἔρυκι,

183 2751 267 2790 mutat
285 2741 432 2796 Cluverius.
446 2747 546 2814 Quidni
557 2763 659 2817 tamen,
673 2741 698 2804 si
710 2753 807 2826 Elymi,
820 2756 952 2826 populns,
970 2757 1093 2819 fuerunt,
1104 2765 1133 2803 ut
1151 2752 1222 2804 infra

184 2817 332 2874 videbimus
345 2825 405 2878 Exe.
419 2827 455 2878 lli
467 2829 537 2882 adv.
554 2834 601 2901 73,
614 2835 688 2884 vicus
707 2835 747 2886 vel
760 2837 889 2907 oppidum
902 2855 959 2888 esse
970 2837 1011 2888 vel
1025 2835 1095 2887 tradi
1105 2833 1224 2906 potuerit

184 2892 218 2947 ni
228 2889 336 2966 Ἐλυμιῖ
348 2909 425 2958 ctiam
439 2909 460 2958 si
472 2909 545 2963 nulla
558 2915 614 2982 ejus
627 2914 678 2966 alia
693 2918 819 2968 memoria
831 2931 962 2969 occurrat.
974 2920 1035 2968 Mox
1047 2935 1068 2967 c.
1084 2915 1117 2966 53
1125 2913 1163 2984 (p.
1175 2910 1222 2981 42)

185 2976 295 3031 Veneris
314 2983 430 3056 Erycina!
449 2991 575 3060 templum
594 2996 729 3046 conditum
749 2998 834 3048 fertur
851 2995 888 3047 ini
904 2999 934 3065 nii
949 3001 1039 3066 sequti*
1053 2995 1098 3047 eui
1109 2989 1221 3056 Ἐλύμου,

183 3055 230 3106 ubi
247 3074 354 3127 praestat
372 3066 441 3117 sorte
457 3087 515 3118 curn
531 3073 594 3122 viris
613 3072 698 3125 doctis
714 3077 847 3143 seribere,
864 3075 903 3127 inl
918 3079 947 3144 ni
963 3075 1051 3144 negocii
1065 3074 1107 3124 ori
1122 3075 1223 3137 'Epome-

185 3135 255 3185 Nom
268 3137 390 3191 Bochsrti
401 3147 509 3214 argutiis
519 3149 641 3216 equidem
654 3169 707 3202 non
720 3153 829 3205 multum
843 3155 958 3207 tribucre
972 3153 1061 3212 soleo,
1075 3150 1120 3220 qul
1132 3161 1157 3199 0²
1168 3147 1222 3211 '¹5⁰2

84 3278 88 3286 .
186 3224 215 3263 ut
227 3213 336 3284 Erycem
350 3220 384 3270 ab
395 3220 522 3275 hebraica
534 3229 634 3296 origine
647 3229 747 3282 ducere
755 3236 852 3300 possit,
865 3233 891 3283 in
906 3230 1030 3302 Elymum
1041 3227 1108 3280 illud
1122 3238 1223 3289 mutat,

186 3306 215 3344 ut
229 3292 263 3344 ad
275 3293 348 3346 Elim
365 3298 472 3351 tandem
486 3319 527 3353 res
539 3303 694 3357 deducatur.
708 3309 814 3360 Fercem
826 3323 912 3362 tamen
926 3321 1040 3361 montem
1050 3305 1176 3376 Elymum
1189 3305 1223 3356 ab

185 3374 282 3446 Elymis
295 3376 491 3433 habitatoribus
504 3382 612 3435 dictum.
626 3385 652 3436 Si
663 3387 789 3441 historica
804 3389 855 3442 tide
868 3393 906 3442 uti
918 3390 1002 3456 nolis,
1015 3401 1041 3440 et
1054 3384 1224 3452 contendere,

185 3473 259 3508 nnnc
276 3455 381 3511 demum
398 3461 434 3514 ab
445 3463 528 3515 AEnea
547 3465 638 3516 urbem
657 3467 757 3518 Acesta
775 3483 897 3540 paratam
915 3487 988 3535 esse,
1006 3464 1224 3538 quandoquidem

186 3533 296 3586 Acestes
308 3551 403 3590 venatu
420 3541 488 3594 inter
501 3543 580 3596 silvas
594 3548 673 3597 vitam
689 3549 772 3618 egisse
785 3548 897 3600 traditur
910 3551 944 3614 V,
957 3548 990 3616 37
1003 3545 1117 3599 occurrit
1126 3547 1224 3599 Acestes

186 3615 317 3669 Horridus
335 3616 361 3667 in
371 3619 468 3689 jaculis
479 3637 503 3674 et
516 3621 587 3693 pelle
602 3625 745 3695 Lilrystidos
764 3645 845 3692 umoe,
859 3641 884 3679 et
897 3629 945 3681 301
966 3625 1075 3678 Admeti
1088 3623 1158 3677 sinis
1165 3664 1174 3692 ,
1185 3643 1224 3678 co·

187 3697 263 3750 mites
274 3698 379 3751 senioris
390 3701 497 3768 Acestoe,
509 3724 594 3777 coque
607 3705 709 3760 ducunt
721 3708 772 3760 alia
786 3710 855 3775 loca,
865 3711 898 3774 V,
911 3711 972 3778 617,
984 3709 1045 3772 631,
1059 3723 1108 3779 7¹7
1119 3727 1125 3757 ι
1137 3721 1226 3762 tamen

188 3777 231 3829 rel
248 3779 285 3830 sic
299 3790 369 3831 recte
384 3797 463 3852 poeta
480 3787 553 3838 urbes
564 3790 619 3856 jam
632 3803 693 3842 unte
706 3790 795 3842 dicere
806 3793 910 3862 potuit,
928 3809 985 3862 qua
997 3789 1091 3844 eodem
1109 3790 1182 3855 loco,
1195 3793 1223 3856 l,

189 3861 238 3924 557
251 3860 326 3922 sedes,
336 3879 386 3930 pro
397 3881 556 3936 quoeunque
569 3871 675 3920 omnino
688 3870 858 3922 habitationis
871 3891 966 3944 genere
976 3873 1027 3924 :At
1031 3871 1103 3942 freta
1111 3871 1224 3922 Sicania

187 3938 279 3994 saltem
289 3939 408 4014 sedesque
417 3955 522 4014 paratus
536 3947 609 4000 Unde
627 3948 678 4000 duc
689 3951 805 4018 aduecti,
821 3971 958 4026 regemque
965 3963 1083 4026 petamus
1098 3951 1227 4004 Acestem

189 4019 275 4094 Atque
286 4018 339 4074 hoc
351 4039 433 4078 unum
446 4021 480 4078 ad
492 4025 668 4099 expediendas
680 4029 850 4087 difficultates
862 4031 940 4104 liujus
952 4029 1176 4106 generis-sufficit.
