3028 4682
522 309 585 370 in
609 306 810 370 stertuit
832 305 896 370 vt.
1006 293 1008 298 ’
1172 316 1232 401 247

189 434 268 506 picit,
285 445 310 485 et
327 433 514 484 Lusitanorum
530 430 584 482 fata
597 448 612 482 a
624 429 675 498 dea
687 432 803 484 monitus
825 429 949 484 addiscit.
970 430 1044 486 Idem
1062 435 1154 506 paullo
1173 449 1235 488 ante

189 513 199 581 (
211 513 283 564 Cant.
299 513 326 563 V
332 511 343 583 )
355 529 387 564 cx
398 507 590 573 Adamastore,
602 511 682 582 genio
694 511 907 562 Promontorium
919 513 998 564 Bonae
1007 515 1068 584 Spei
1079 515 1235 580 obsidente,

107 587 112 600 ’
189 591 353 643 calamitates
365 590 542 662 navigationis
562 587 696 654 audierat,
716 601 743 642 et
760 589 847 642 Cantu
866 591 888 641 ll
910 589 944 642 ad
963 592 1066 664 virgilii
1086 595 1236 666 exemplum

189 672 248 721 AEn.
275 671 301 737 l,
323 669 374 722 223
396 687 471 740 seqq.
494 670 600 740 Jupiter
621 670 718 722 Veneri
742 667 930 722 Lusitanorum
953 687 995 722 res
1017 672 1148 725 secundas
1170 693 1237 746 prc-

188 749 299 802 dixerat.

224 827 304 898 Quod
315 831 401 902 primo
413 829 473 882 loco
485 848 499 880 e
512 828 643 882 Camoesio
656 831 777 896 narravi,
790 843 970 884 commentum
981 835 1131 903 comparari
1143 833 1235 906 aliquo

189 907 269 958 morlo
286 921 374 980 potest
391 927 452 962 cum
468 907 579 960 Miltoni
591 910 730 961 notissimo
750 908 872 981 episodio
892 909 959 980 (lib.
972 909 1008 962 Xl
1018 911 1044 980 ),
1063 913 1112 964 etsi
1131 911 1182 964 boc
1201 912 1236 966 ad

189 985 398 1058 probabiliorem
416 989 547 1040 rationem
560 1001 764 1060 attemperatum
783 1002 831 1041 est.
853 989 989 1042 Deductus
1005 991 1032 1042 in
1049 990 1146 1042 clivum
1159 1011 1174 1044 a
1186 992 1237 1044 Mi·

190 1063 282 1118 chaele
291 1065 417 1132 Adamas,
426 1079 598 1138 prospectum
607 1067 770 1120 habetorbis
779 1081 918 1134 terrarum,
929 1081 979 1122 eta
991 1071 1088 1120 comite
1099 1089 1185 1122 rerum
1196 1072 1237 1122 lu·

190 1158 309 1198 turarum
332 1149 526 1218 expositionem
549 1145 635 1198 discit.
657 1149 781 1220 vestigiis
803 1151 859 1218 ejus
878 1150 942 1203 satis
960 1149 1120 1220 obsequiosa
1141 1151 1236 1202 institit

190 1225 335 1280 Noaclsidis
346 1240 448 1280 auctor.

224 1305 247 1354 Δ
262 1307 371 1378 magicis
383 1307 523 1379 prestigiis
536 1317 562 1358 et
574 1307 778 1360 incantamentis
788 1307 906 1372 retraxit,
919 1321 945 1360 et
956 1308 991 1360 ad
998 1321 1118 1361 veterum
1125 1311 1237 1382 vestigia

189 1381 302 1456 legenda
313 1389 448 1438 revocavit
461 1385 527 1438 alios
540 1388 597 1457 ipsa
611 1389 776 1460 argumenti,
793 1389 820 1438 itt
834 1404 888 1458 quo
900 1387 1088 1454 versabantur,
1103 1388 1237 1442 interdum

189 1477 339 1536 temporum
351 1485 458 1539 quoque
468 1479 494 1520 et
506 1466 657 1534 bominum,
665 1469 734 1520 inter
744 1485 811 1538 quos
821 1467 964 1534 vivebant,
976 1482 1079 1520 natura.
1091 1471 1125 1520 lli
1137 1467 1238 1522 ferend

189 1543 241 1594 vira
252 1547 390 1596 aesomniu
400 1545 504 1616 delapsi
513 1559 588 1606 sunt,
602 1546 698 1616 quibus
711 1548 816 1598 iuturus
827 1564 903 1598 casus
916 1545 1057 1618 praedictos
1067 1545 1235 1614 exhiberen13
1308 1595 1309 1600 ,

188 1634 233 1672 aut
245 1619 382 1676 Palatium
396 1625 521 1676 Fatorum
533 1626 676 1678 commenti
689 1637 765 1690 sunt,
777 1644 834 1678 rem
847 1624 881 1676 ad
895 1625 1079 1678 exornandum
1100 1627 1164 1676 satis
1185 1625 1236 1678 ob-

188 1703 266 1752 viam.
282 1703 354 1756 lntra
371 1703 441 1756 idem
458 1721 599 1756 commune
612 1703 756 1756 multorum
768 1704 906 1756 inventum
923 1703 1041 1756 substitit
1057 1716 1151 1755 auctor
1162 1703 1237 1755 Hert-

188 1779 276 1834 n‘adis.
289 1782 358 1834 Nam
370 1795 486 1836 emotas
502 1782 527 1834 S.
545 1782 682 1835 Ludovico
700 1795 788 1836 mente
811 1783 940 1836 Hearicus
962 1783 1088 1853 abreptus
1110 1792 1237 1852 peragrat

189 1861 282 1912 catum
301 1881 333 1914 ac
350 1863 452 1930 sidera,
469 1865 569 1934 regiam
578 1864 645 1930 Dei,
656 1862 811 1928 Tartarum,
824 1877 850 1914 et
861 1862 991 1934 Elysium,
1007 1861 1130 1928 taudem,
1143 1861 1189 1912 ubi
1202 1859 1237 1914 ad

187 1941 208 1990 F
210 1951 314 1993 storum
328 1941 457 2012 palatium
469 1945 603 2014 persenit,
615 1961 722 2008 eorum,
735 1944 781 2014 qui
790 1954 947 2007 nascentur,
960 1941 1102 1996 simulacra
1113 1953 1140 1994 et
1152 1939 1238 1993 siloae

189 2017 310 2090 dispicit;
319 2023 410 2073 omnia
417 2033 531 2074 tractata
542 2035 603 2073 sunt
616 2036 672 2074 arte
685 2025 748 2074 satis
763 2022 880 2093 vulgari,
893 2035 918 2074 et
930 2024 1048 2093 argutius
1062 2022 1145 2072 inulto
1160 2040 1238 2092 repc-

189 2099 237 2150 tita
249 2100 277 2150 in
293 2100 477 2154 Aurelianensi
497 2099 600 2171 puellm
620 2103 671 2152 uisi
690 2101 764 2171 quod
783 2101 926 2171 praelarus
945 2101 1020 2152 locus
1035 2103 1170 2170 sequitur,
1189 2100 1235 2152 ubi

190 2180 298 2232 Henrici
306 2185 489 2251 posteritatem
502 2199 627 2234 enarrare
636 2181 749 2234 orditur.
762 2182 866 2234 lnsenti
878 2183 1033 2246 novitatem,
1046 2183 1113 2232 utin
1126 2181 1236 2250 reliquis

190 2261 315 2311 carminis
329 2262 468 2330 partibus,
484 2263 557 2312 itaet
569 2261 596 2312 in
608 2260 660 2312 bac
671 2260 807 2316 desideres
818 2262 846 2314 in
861 2259 1057 2330 Columbiade(
1071 2257 1237 2312 Colomlriude

189 2339 349 2392 demadome
364 2341 400 2394 du
414 2343 548 2413 Boccupe,
568 2340 655 2392 Chaut
674 2342 711 2392 tx
723 2340 742 2412 ).
762 2342 847 2394 Zama
868 2341 958 2392 anima
976 2339 1010 2391 ad
1028 2339 1187 2392 Columbum
1203 2338 1237 2391 de

189 2420 253 2473 curlo
266 2419 377 2493 delapsu
387 2440 443 2474 nott
453 2421 533 2472 modo
546 2424 652 2474 futuros
664 2421 787 2474 Columbi
800 2439 894 2486 casus,
906 2419 953 2472 sed
966 2421 1046 2472 totius
1056 2419 1169 2490 Europa
1181 2419 1237 2472 lata

189 2502 253 2551 satis
264 2500 299 2552 ab
310 2513 465 2572 argumento
481 2500 568 2554 aliena
580 2502 696 2572 exponit.
712 2498 809 2554 Puella
822 2497 1020 2552 Astreliortensis
1033 2497 1171 2570 Capeliani
1181 2516 1237 2550 non

189 2582 276 2634 minus
291 2581 398 2635 laborat
411 2584 438 2635 in
448 2601 481 2636 eo
490 2581 633 2653 episodio(
645 2583 703 2636 ttb.
714 2584 773 2633 Vlll
786 2581 810 2652 ),
823 2601 877 2652 quo
888 2583 916 2633 in
927 2594 1004 2633 antro
1014 2579 1166 2651 starcutphi
1178 2599 1237 2633 ere·

189 2661 271 2726 mite,
281 2680 330 2731 per
341 2664 426 2714 uisum
438 2663 562 2734 precibus
575 2675 602 2714 et
611 2659 765 2714 novendtati
776 2679 853 2712 suero
865 2657 1053 2730 efflagitatum,
1064 2660 1129 2729 Regi
1138 2657 1236 2712 Carolo

188 2757 248 2792 curn
258 2742 337 2792 suciis
347 2744 438 2794 futura
445 2743 502 2794 iata
511 2741 599 2814 angeli
608 2761 674 2796 voce
684 2753 852 2796 enarrantur.
861 2739 936 2792 Miris
946 2738 1031 2790 modis
1042 2739 1175 2802 Veritatis,
1189 2757 1237 2792 seu

188 2820 313 2870 Fatorum
325 2823 413 2874 verius
425 2821 565 2892 Templtun
581 2821 723 2892 descripsit
737 2819 861 2892 explosus
875 2837 890 2870 a
902 2818 1037 2888 plerisque
1050 2829 1131 2888 poeta
1142 2817 1236 2870 Gallus

188 2895 369 2964 (vermareu,
390 2898 489 2964 ctovr'r,
508 2899 595 2952 Cbsut
609 2900 645 2950 lV
656 2900 675 2968 ).
689 2897 811 2950 ctorttdis
822 2917 838 2950 u
850 2899 875 2950 S.
888 2897 997 2968 Virgine
1014 2912 1046 2948 eo
1062 2893 1191 2960 deducta,
1209 2896 1236 2946 in

190 2976 348 3046 crystallinis
363 2979 511 3048 parietibus
528 2980 621 3032 futura
639 2978 736 3030 diserte
751 2979 815 3030 satis
834 2977 981 3048 cognoscit.
998 2974 1186 3026 Necromantia
1198 2977 1237 3028 uti

190 3054 278 3108 bouus
287 3055 435 3108 Rousordus
446 3055 494 3124 (in
505 3057 650 3109 anciode
665 3057 720 3108 Liv.
733 3058 766 3107 tv
779 3057 790 3128 )
809 3075 862 3108 nnn
882 3056 993 3126 refugit;
1007 3064 1049 3119 et,
1062 3049 1097 3104 ad
1109 3049 1165 3102 Silii
1181 3052 1237 3104 lero

190 3134 356 3205 exemplum,
376 3135 498 3200 Alarico,
511 3136 575 3188 dum
591 3155 640 3206 par
651 3155 683 3188 ea
695 3134 755 3188 loca
766 3137 859 3207 copias
871 3133 959 3198 ducit,
972 3146 1076 3185 antrum
1088 3129 1237 3182 Cumanum

189 3216 325 3286 ingresso,
336 3213 437 3286 sibylla
448 3215 476 3266 iu
488 3229 661 3286 conspectum
672 3215 800 3286 prodiens
812 3216 902 3266 futuro
914 3215 969 3266 fata
982 3207 1238 3284 apertr(Ata1tcon

188 3293 270 3346 Rome
281 3294 407 3358 uaiscue,
420 3295 476 3346 Lit.
487 3293 539 3364 X).

224 3373 271 3424 Est
282 3371 393 3437 Melita,
406 3392 512 3426 carmen
526 3373 646 3444 epicum,
658 3387 768 3424 auctore
780 3371 857 3424 Gallo
870 3369 882 3440 (
895 3371 987 3421 Privat
1005 3369 1037 3420 de
1054 3361 1237 3432 Fontanilles,

190 3450 312 3518 Moltlte,
322 3471 358 3503 ou
368 3451 539 3506 t'tste-Adam
546 3489 556 3518 ,
566 3465 616 3504 etc.
628 3453 686 3504 Par.
703 3451 804 3522 1749),
818 3451 864 3520 qui
876 3450 927 3502 sibi
941 3449 1045 3520 egregie
1057 3446 1084 3496 in
1095 3461 1127 3496 eo
1139 3445 1236 3516 placet,

190 3530 264 3600 quod
275 3533 302 3583 in
315 3532 500 3584 Pandaemonio
520 3532 611 3603 aliquo
631 3533 756 3604 Equitum
774 3529 941 3582 Rhodiorum
959 3529 1016 3579 fata
1029 3545 1045 3578 a
1056 3527 1156 3579 Satana
1172 3544 1238 3596 ape·

190 3625 307 3678 rtuntnr,
321 3615 368 3682 qui
379 3612 576 3666 Insuladamum
590 3631 617 3665 se
631 3614 760 3664 arbitrum
771 3611 899 3663 orationis
909 3608 1008 3660 babere
1020 3610 1135 3680 ignorat.
1148 3605 1239 3656 Nemi-

190 3711 252 3743 nem
268 3704 358 3744 tamen
378 3691 434 3744 rtdt
453 3694 521 3745 inter
537 3693 629 3745 Gallos
647 3695 754 3765 ingenio
772 3692 856 3763 magis
875 3690 1039 3754 luxuriante,
1052 3704 1146 3758 quarn²
1159 3705 1237 3758 quern

191 3789 262 3822 nunc
275 3771 489 3824 commemorabo
502 3773 553 3840 (Le
564 3773 668 3840 Maius,
680 3773 706 3826 S.
718 3772 810 3838 Leuis,
823 3791 858 3822 ou
871 3768 898 3820 la
909 3770 993 3822 sainte
1006 3769 1144 3820 Courortne
1154 3785 1241 3818 recou-

189 3852 294 3924 quise).
313 3851 393 3923 Apud
411 3853 482 3906 bunc
502 3857 589 3924 primo
606 3853 675 3924 (lib.
697 3855 756 3924 lV)
775 3855 966 3906 Necrotnantes
986 3850 1125 3922 AEgyptius
1146 3847 1238 3901 Manes

191 3945 299 3996 evocat,
311 3947 341 3984 ut
352 3933 463 3986 Sultano
476 3933 623 4005 praedicant
638 3935 701 3988 belli
719 3938 830 3998 exitum;
851 3931 925 4004 quod
943 3951 1005 3984 vero
1024 3933 1052 3982 in
1070 3947 1103 3980 eo
1120 3929 1238 3980 novitate

189 4031 237 4066 sua
248 4014 352 4086 placet,
363 4028 416 4082 est,
427 4013 581 4086 quodcirca
592 4015 739 4088 Memphim
749 4015 784 4068 ad
793 4013 953 4087 Pyramides,
962 4025 989 4068 et
1000 4014 1071 4066 inter
1082 4011 1185 4082 Regum
1197 4027 1239 4062 se·
