2956 4680
579 484 943 618 excussos
979 533 1013 618 1.

353 759 509 827 Evander
519 759 650 836 Arcas,
662 765 791 854 ejusque
804 760 895 828 sedes
909 765 944 828 in
957 783 1064 830 monte
1079 765 1257 834 Palatino.

281 939 353 1027 Lm.
367 974 442 1040 vul,
461 975 490 1029 St
505 993 564 1048 sqq.
577 977 688 1030 Arcades
700 976 738 1030 his
753 977 821 1042 oris,
833 997 916 1050 penus
927 999 942 1030 n
957 977 1078 1032 Pallante
1087 981 1261 1051 profectum,
1277 983 1337 1052 Qui

279 1073 364 1128 repom
376 1057 529 1109 Evandrum
545 1058 649 1109 comites
660 1070 710 1110 etc.
729 1058 852 1110 Evander
867 1061 936 1111 inter
952 1059 1089 1112 fabulosos
1104 1059 1201 1113 heroes
1215 1075 1273 1125 est,
1295 1061 1333 1114 de

281 1136 378 1207 quibus
391 1150 478 1190 tamen
490 1141 600 1202 certior,
611 1152 637 1190 et
644 1137 769 1208 liquidior
781 1139 925 1209 aliqnando
935 1141 1006 1192 lama
1016 1142 1065 1192 tuit
1076 1163 1082 1191 :
1096 1159 1146 1193 nec
1156 1141 1286 1193 dubitare
1295 1141 1332 1192 li-

280 1229 323 1270 cet
335 1235 395 1270 enm
412 1231 546 1270 auctorem
562 1218 643 1270 fuisse
658 1217 768 1269 coloniae
780 1218 920 1290 Pelasgicos
931 1237 962 1272 ex
974 1217 1088 1270 Arcadia
1100 1221 1127 1270 in
1144 1220 1266 1288 ltaliam,
1279 1237 1330 1272 seu

281 1315 359 1361 casu,
372 1316 418 1351 seu
431 1299 541 1350 consilio
553 1300 687 1370 profecte.
698 1300 733 1349 Ut
745 1300 815 1356 euim
824 1300 1005 1369 superioribus
1013 1299 1114 1350 seculis
1123 1301 1149 1350 in
1157 1301 1328 1362 Amerinam,

281 1379 320 1428 sic
332 1378 437 1432 Gracia
451 1381 530 1449 prisci
543 1379 634 1432 incola
646 1379 795 1450 migrabant
807 1381 833 1429 in
850 1380 970 1444 ltaliam,
983 1392 1111 1432 terrarum
1125 1393 1247 1431 notarum
1266 1393 1325 1430 tum

282 1470 433 1508 extremam.
446 1458 571 1530 Agente,
586 1476 643 1529 qum
660 1457 830 1511 humanitatis
843 1459 942 1510 cultum
953 1458 1067 1529 aliquem
1080 1457 1206 1526 baberet,
1226 1458 1262 1510 ad
1279 1477 1329 1508 ru·

282 1534 342 1586 dem
355 1549 381 1588 et
397 1537 524 1590 incultam
536 1557 595 1591 eum
611 1541 733 1604 venisse,
752 1557 783 1592 ex
802 1557 833 1590 eo
853 1539 1027 1610 intelligitur,
1041 1537 1112 1609 quod
1127 1537 1216 1590 literas
1231 1556 1326 1590 secum

282 1614 401 1667 attulisse
419 1617 569 1678 ferebatur3
590 1619 623 1669 cl.
636 1619 692 1681 Liv,
705 1619 733 1684 1,
751 1635 775 1686 7.
795 1619 941 1684 Musicam,
954 1632 1037 1682 artes,
1050 1630 1076 1668 et
1086 1619 1144 1668 vitre
1156 1617 1326 1669 humanioris

281 1696 401 1747 instituta
416 1697 468 1748 alia
480 1696 554 1748 addit
566 1699 672 1769 Dionys.
688 1698 713 1760 1,
733 1697 776 1749 33.
795 1699 873 1749 Forte
893 1711 979 1750 tamen
999 1697 1054 1748 hec
1070 1699 1159 1748 omnia
1177 1699 1244 1748 intra
1262 1696 1325 1748 sola

282 1777 414 1838 carmina,
428 1793 474 1826 seu
486 1778 609 1828 vaticinia
622 1777 777 1837 substitere;
792 1795 852 1829 nam
864 1776 1025 1829 vaticinandi
1034 1789 1115 1827 artem
1124 1775 1324 1827 idemintnlisse

280 1865 442 1904 memoratus
454 1867 508 1904 est:
519 1856 567 1906 etsi
580 1873 628 1906 nec
638 1856 756 1926 ignotam
768 1856 865 1920 Italiae,
877 1874 927 1907 nec
938 1855 1060 1908 barbaris
1073 1873 1104 1905 ac
1114 1853 1224 1904 rudibus
1235 1873 1325 1925 popu·

282 1929 314 1982 lis
330 1929 396 1982 adeo
409 1932 581 1985 insolentem:
595 1933 641 1984 sed
654 1947 752 1985 tractus
765 1934 823 1999 ille,
837 1935 871 1987 ad
884 1953 962 2005 quem
975 1935 1098 1996 accessit,
1109 1935 1179 1984 circa
1190 1933 1323 1995 Tiberim,

284 2012 373 2062 aleris
390 2011 542 2066 hominibus
559 2035 607 2086 per
620 2015 698 2066 silvas
715 2015 865 2067 errantibus
885 2029 939 2066 turn
958 2014 1093 2066 habitatus
1114 2031 1171 2064 esse
1189 2025 1323 2064 narratur.

282 2090 427 2155 Vatinium,
440 2111 486 2168 seu
499 2097 616 2146 carmina
627 2093 659 2146 ad
673 2105 798 2159 matrem,
810 2096 879 2145 inter
889 2105 961 2145 vates
971 2091 1105 2156 habitam,
1117 2093 1208 2142 referri
1220 2090 1321 2152 solent;

283 2184 340 2222 erat
352 2191 383 2224 ea
395 2175 496 2226 incerto
508 2178 630 2240 nomine,
643 2193 720 2239 nam,
734 2193 792 2246 quae
804 2175 883 2246 vulgo
894 2175 1016 2226 feruntur
1027 2173 1151 2236 nomina,
1165 2171 1197 2222 ab
1207 2183 1262 2222 arte
1273 2189 1324 2242 pe·

283 2253 331 2303 tita
345 2267 419 2315 sunt;
437 2269 465 2306 ut
480 2257 634 2320 (humentis,
654 2269 719 2327 puto
736 2275 752 2308 a
770 2257 906 2319 (Σαπιιεης,
925 2267 950 2306 et
965 2255 1121 2316 comente,
1135 2265 1160 2304 et
1173 2251 1322 2316 Themidis,

284 2333 354 2384 forte
374 2346 400 2384 et
411 2335 564 2388 Nicostrate
569 2357 578 2396 ,·
592 2339 631 2388 uti
646 2338 754 2387 comites
774 2337 797 2387 ei
817 2333 912 2386 addita.
923 2334 1044 2385 Porrima
1054 2345 1080 2384 et
1093 2333 1244 2464 Semnones,
1259 2333 1323 2401 qnia

284 2414 389 2465 vatibus
403 2427 428 2465 et
440 2419 570 2486 preterita
584 2430 609 2468 et
622 2418 711 2467 futura
723 2429 784 2467 sunt
796 2429 878 2467 nota:
893 2414 963 2466 Serv.
976 2413 1010 2466 ad
1017 2413 1091 2477 v111,
1120 2413 1161 2464 36.
1172 2411 1322 2484 Nymphnm

284 2511 391 2562 quoque
401 2513 459 2545 eam
470 2493 608 2546 ediderant
617 2495 748 2556 nonnulli,
758 2493 829 2545 unde
839 2507 865 2546 et
875 2507 951 2565 pater
958 2490 1081 2543 Evandro
1092 2489 1324 2541 Mercuriusdatus

283 2574 333 2622 luit
347 2591 362 2622 a
374 2574 475 2641 poetis,
490 2592 568 2642 quem
581 2578 723 2646 scriptores
734 2574 878 2626 Echemum
891 2572 1019 2624 Arcadem
1034 2573 1231 2642 consignarunt.
1243 2570 1319 2622 roeo

283 2663 373 2701 noster
385 2650 446 2702 hinc
464 2652 600 2724 ingeniose
612 2654 791 2724 copntrtionem
808 2653 898 2705 elicuit
915 2653 994 2705 oliam
1014 2670 1074 2703 curn
1093 2649 1191 2702 Atridis
1209 2669 1233 2700 v.
1257 2649 1316 2704 130.

285 2731 364 2783 aliam
379 2749 438 2782 curn
453 2733 537 2783 AErrea
560 2734 616 2801 134.
637 2733 702 2785 Cum
721 2732 819 2785 Atridis
837 2733 943 2804 quidem
960 2732 1012 2783 hoc
1028 2731 1126 2782 modo:
1141 2731 1178 2780 En
1195 2730 1315 2800 Sterope,

283 2809 396 2862 Atlantis
408 2811 474 2878 lilia,
486 2813 654 2877 OEnomaus,
667 2813 748 2864 Elidis
760 2832 820 2878 rex,
833 2826 987 2885 susceperat
999 2811 1219 2883 Hippodamiam,
1231 2811 1314 2880 Pelopi

283 2902 410 2960 nuptam,
429 2910 443 2942 a
463 2910 515 2963 quo
534 2892 632 2946 Atrida
652 2891 766 2944 oriundi.
786 2893 911 2963 Steropes
928 2911 1004 2944 soror
1021 2903 1075 2942 erat
1093 2891 1181 2953 Maia,
1200 2889 1315 2940 Mercurii

284 2982 383 3035 mater,
398 2990 476 3042 quem
488 2973 604 3025 Evandri
616 2987 719 3044 patrem
731 2971 903 3026 celebrabant
915 2971 1040 3024 Arcades.
1053 2971 1113 3022 Fuit
1126 2972 1204 3021 etium
1216 2969 1315 3042 Tynda·

285 3051 324 3100 rei
335 3069 418 3121 genus
435 3071 451 3104 a
462 3052 594 3124 Taygete,
613 3055 691 3104 tertia
707 3050 888 3114 Atlantidum,
907 3051 1024 3104 ductum.
1045 3051 1116 3102 coni.
1133 3047 1256 3118 Apollod.
1275 3049 1316 3108 111,

288 3131 335 3197 14,
348 3131 380 3192 3;
394 3133 418 3197 4.
432 3129 455 3182 5.
469 3133 560 3185 Altera
572 3153 602 3185 cx
612 3147 687 3204 parte
699 3132 828 3184 Echemus
838 3132 1008 3184 Timandram
1022 3130 1146 3192 «luxerat,
1158 3129 1318 3200 Clytaemnes·

287 3223 332 3260 trae
348 3223 374 3261 et
386 3209 490 3262 Heleno
507 3229 643 3277 sororem,
660 3212 757 3282 quibus
771 3210 868 3262 Atrida·
878 3213 963 3280 juncti
976 3223 1050 3261 erant
1062 3209 1239 3260 matrimonio.
1253 3207 1318 3260 conl.

286 3291 357 3342 Serv.
371 3305 397 3343 et
408 3292 535 3361 Pompon.
549 3289 610 3344 sab.
622 3292 737 3356 Sufficit,
749 3293 875 3344 vaticinia
887 3311 936 3362 per
947 3290 1049 3342 Italiam
1061 3288 1154 3341 habita
1165 3289 1246 3340 fuisse
1259 3288 1321 3339 nti-

288 3373 430 3440 quissima,
445 3369 479 3422 ad
496 3389 553 3422 eam
571 3371 663 3423 referri
683 3371 777 3432 solita;
793 3371 819 3422 id
839 3369 913 3440 quod
930 3369 963 3422 ad
981 3372 1073 3440 priscae
1092 3369 1172 3420 lratiae
1188 3381 1281 3420 statum
1296 3379 1320 3417 et

287 3446 403 3500 indolem
414 3446 601 3515 declarandam
614 3448 692 3501 valet.
706 3449 775 3500 Illud
787 3463 875 3501 tamon
889 3447 999 3513 dubito,
1012 3467 1027 3500 a
1039 3449 1197 3499 Romaniano
1208 3447 1319 3498 narratio

286 3525 321 3577 de
333 3523 455 3578 Evandro
469 3527 585 3590 venerit,
599 3546 648 3592 on,
666 3527 738 3597 quod
751 3529 833 3599 magis
848 3525 875 3576 fit
889 3526 1043 3596 probabile,
1060 3525 1182 3577 aGraecis
1194 3547 1201 3574 :
1215 3537 1245 3575 ut
1256 3523 1319 3576 adeo

287 3616 314 3654 ct
322 3603 378 3654 hac
389 3606 448 3674 ipsa
460 3605 528 3656 forte
539 3605 717 3657 interGraecas
728 3607 824 3658 ltalicae
835 3605 951 3657 historio
961 3605 1178 3676 interpolationes
1185 3600 1320 3656 referenda

288 3699 345 3732 esse
356 3681 484 3734 videatur.
498 3683 575 3734 Certe
585 3681 627 3734 his
639 3683 730 3734 deberi
742 3683 881 3748 ridentur,
896 3702 954 3754 quie
966 3683 999 3735 de
1011 3683 1125 3735 Evandri
1138 3684 1239 3752 origine
1248 3683 1322 3732 Arca·

288 3759 350 3810 dica
360 3773 468 3812 narrata
480 3773 556 3826 sunt,
573 3762 645 3813 etde
659 3765 758 3814 caussis
770 3763 942 3833 profectionis
960 3775 1096 3832 suscepta.
1111 3761 1164 3812 vid.
1178 3758 1321 3830 Dionysi,

289 3837 321 3886 31
336 3855 394 3908 sqq.
407 3839 502 3906 Strabo
514 3843 554 3906 V,
572 3859 597 3912 p.
618 3841 678 3894 352.
695 3843 772 3894 Paus.
786 3841 923 3910 v111‚43;
938 3840 1007 3893 adde
1019 3841 1052 3908 44
1065 3839 1134 3893 med.
1151 3839 1219 3892 Sext.
1236 3837 1320 3890 Aurel.

291 3915 382 3966 Victor
391 3917 423 3968 Ο.
436 3918 468 3969 G.
481 3921 512 3969 R.
526 3919 549 3972 5.

324 3992 509 4061 Pallanteum,
523 4017 584 4050 mox
596 3998 751 4052 Palantiom
765 4013 790 4052 et
802 3999 938 4051 Pnlntium
949 4038 957 4064 ,
969 3998 1091 4050 Evander
1102 3995 1235 4061 condidit,
1247 3995 1322 4064 oppi-

289 4069 368 4140 dum,
379 4087 407 4124 ut
418 4086 472 4126 tum
483 4095 524 4130 res
535 4093 625 4145 erant,
638 4098 685 4134 seu
693 4085 827 4150 arcem,iu
838 4093 927 4135 monte
935 4079 1054 4136 Palatino
1062 4077 1124 4134 inde
1134 4077 1214 4130 dicto.
1222 4075 1321 4129 Nomen
