2968 4696
629 370 896 436 EXCURSUS
921 373 972 436 IV

556 687 920 777 EXCURSUS
956 691 1040 780 IV.

317 881 440 950 Veiens
454 877 1092 966 rmnong1·nes,p0pmerfiaoaeac
1106 881 1293 970 mipene.

312 1053 374 1118 Vll,
387 1047 419 1118 37
433 1065 492 1118 sqq.
505 1043 585 1096 Nunc
597 1063 659 1116 ope,
672 1043 721 1118 qui
730 1063 799 1116 repes
809 1083 818 1110 ,
830 1045 926 1112 Erato,
939 1063 998 1118 quo
1011 1057 1127 1118 tempora
1142 1065 1228 1098 rerum
1235 1087 1246 1114 ‚
1261 1050 1335 1120 Quis

277 1132 353 1188 Latio
365 1129 475 1200 antiquo
481 1123 569 1196 suerit
578 1134 658 1176 status
670 1138 720 1176 etc.

313 1211 428 1262 Primum
445 1195 641 1256 observandum
663 1216 716 1268 est,
735 1203 874 1276 Virgilium
893 1205 961 1266 Latii
980 1223 1021 1258 res
1040 1224 1095 1258 non
1112 1208 1253 1278 persequi,
1271 1210 1331 1260 nisi

278 1303 408 1364 quatenus
426 1283 459 1336 ad
475 1283 632 1353 Aborigines
645 1293 781 1354 spectant,
795 1281 916 1354 adeoque
928 1302 1021 1336 eorum
1033 1285 1148 1354 origines
1165 1303 1215 1356 pro
1232 1303 1331 1338 rerum

277 1375 305 1424 in
315 1370 357 1422 his
369 1368 435 1420 locis
448 1365 528 1416 initiis
544 1380 658 1434 ponem
672 1365 734 1427 etsi,
747 1374 806 1416 ante
817 1363 989 1436 Aborigines,
1002 1363 1119 1428 Siculos,
1130 1365 1228 1436 partim
1241 1367 1329 1419 etiam

276 1451 405 1514 Umbros,
415 1449 442 1498 in
457 1443 498 1496 his
510 1443 576 1494 locis
589 1443 671 1494 fuisse
684 1455 797 1494 constat.
813 1443 895 1494 Porro
909 1443 1067 1512 tenendum,
1083 1445 1243 1514 Aborigines
1253 1444 1327 1510 hos,

276 1549 337 1594 seu,
351 1525 425 1599 quod
437 1521 600 1586 videbimus,
612 1521 748 1586 Ausones,
761 1521 924 1592 populorum
940 1542 988 1594 per
999 1523 1148 1576 Amerinam
1162 1525 1283 1576 ferorum
1295 1536 1328 1576 et

277 1608 437 1664 silvestrium
449 1621 536 1666 more,
549 1599 675 1672 dispersis
693 1621 741 1672 per
753 1601 870 1666 ltaliam,
884 1605 942 1674 ipso
960 1601 1081 1656 locorum
1098 1604 1166 1656 inter
1179 1623 1271 1656 amnes
1290 1623 1326 1656 ac

276 1699 381 1740 montes
397 1687 448 1736 situ
459 1681 523 1744 fines
536 1693 657 1752 regente,
671 1679 793 1744 sedibus,
810 1693 835 1732 et
848 1683 875 1734 in
887 1681 977 1752 plures
989 1681 1105 1754 populos
1117 1701 1149 1736 ue
1161 1683 1326 1734 nominadi-

276 1771 360 1831 visos,
372 1764 514 1816 habitasse.
526 1759 678 1832 Religionts
690 1759 768 1828 adeo,
781 1777 812 1812 ac
826 1763 891 1814 ritus
905 1781 1050 1828 sacrorum,
1060 1776 1084 1814 et
1098 1764 1208 1818 numina
1217 1762 1327 1814 domes-

276 1852 339 1912 tice,
352 1847 420 1896 inter
432 1854 472 1891 tot
483 1839 598 1912 populos
611 1859 665 1893 nou
679 1843 787 1892 omniuo
801 1841 894 1893 eadem
907 1843 988 1897 fuisse
1001 1845 1098 1896 mirum
1109 1862 1163 1894 non
1176 1856 1224 1894 est.
1236 1843 1324 1896 Fuere

277 1941 366 1980 tamen
378 1924 457 1974 etiam
472 1918 613 1994 religiones
626 1938 657 1970 ec
669 1918 767 1972 fabula·
780 1919 903 1974 omnibus
916 1935 1043 1992 tanquam
1058 1941 1075 1974 a
1088 1923 1221 1975 communi
1238 1923 1323 1991 stirpe

276 2009 341 2060 ortis
354 2017 516 2056 communes.
531 2001 677 2072 Utrumque
687 2020 770 2074 genus
783 2003 811 2052 in
824 2019 899 2058 suam
912 2021 967 2056 rem
980 2004 1110 2056 convertit
1127 2016 1222 2074 poeta:
1240 2015 1322 2073 atque

275 2088 338 2142 hinc
350 2087 377 2136 in
387 2099 441 2154 seq·
456 2080 530 2133 libris
537 2077 696 2150 fabularum
714 2099 801 2132 novus
811 2081 873 2132 ordo
890 2083 1025 2132 exoritur:
1040 2099 1072 2134 ex
1090 2084 1223 2134 variorum
1240 2081 1321 2134 ltalia

275 2166 451 2242 populorum,
473 2160 648 2232 Aboriginum
668 2162 780 2214 maxime
796 2161 878 2226 Latii,
892 2161 1010 2216 historiis
1024 2176 1050 2216 et
1062 2163 1234 2234 religionibus
1253 2165 1323 2234 peti·

278 2262 327 2300 tus.
343 2245 382 2298 De
395 2256 508 2312 utraque
521 2259 563 2304 re,
575 2241 737 2311 omninoque
750 2239 782 2291 de
795 2252 884 2314 vetere
899 2240 975 2292 ltalia
984 2241 1074 2314 paullo
1089 2244 1237 2294 accuratius
1251 2260 1322 2292 nunc

275 2322 471 2399 dispiciendum
483 2333 535 2384 est,
551 2333 580 2369 ut
592 2317 713 2389 pluribus
731 2317 835 2390 Virgilii
851 2317 917 2370 locis
931 2337 984 2372 una
997 2339 1079 2394 opera
1091 2321 1136 2372 lux
1148 2321 1323 2386 effundatur,

276 2419 372 2477 utque,
388 2401 466 2474 quale
487 2397 658 2449 historiarum
677 2410 797 2448 veterum
816 2415 898 2470 genus
914 2412 1009 2468 poeta,
1030 2393 1137 2470 quoque
1147 2398 1248 2468 J‘udicio
1263 2417 1322 2450 am-

275 2483 369 2556 plexus
388 2481 436 2544 sit,
457 2488 594 2547 appareat.
609 2477 664 2527 Nec
677 2493 740 2527 vero
753 2494 798 2526 sex
810 2477 987 2546 posteriorum
1001 2477 1131 2532 librorum
1144 2477 1257 2530 lectione
1270 2476 1320 2530 de-

274 2563 367 2616 lectari
378 2569 467 2630 potest
478 2555 588 2624 aliquis,
601 2557 647 2625 qui
658 2557 753 2609 veteris
761 2555 842 2608 ltatiae
850 2568 948 2608 statum
957 2575 1012 2607 non
1022 2557 1165 2621 imbiberit,
1175 2558 1319 2628 animoque

276 2659 324 2694 suo
337 2649 526 2708 representare
539 2633 589 2686 sibi
602 2636 683 2686 vitam
695 2633 767 2686 illam
781 2637 918 2707 antiquam
932 2637 1025 2708 possit,
1040 2636 1199 2688 Procliviore
1212 2653 1320 2706 quoque

276 2719 364 2774 studio
382 2718 417 2772 ad
433 2711 621 2768 declarandam
633 2714 703 2766 hanc
715 2713 796 2766 ltalia
811 2717 996 2786 antiquitatem
1009 2712 1095 2782 feror,
1111 2735 1164 2788 quo
1180 2715 1259 2788 plura
1270 2716 1320 2766 viri

274 2797 361 2862 docti,
374 2792 699 2862 nullasubtilitatejudicii
709 2791 843 2862 (criticam
854 2793 1003 2847 historicam
1011 2793 1191 2868 appellamus)
1199 2793 1319 2848 adhibita

274 2867 462 2943 tradiderunt,¹
470 2893 576 2950 quoque
587 2869 716 2946 pauciora
726 2877 775 2927 rite
786 2889 811 2928 et
825 2875 858 2928 ud
869 2878 1029 2954 scriptorum
1039 2880 1140 2950 avique
1149 2879 1230 2948 prisci
1239 2873 1318 2928 fidem

273 2979 428 3032 moremque
438 2971 499 3010 sunt
511 2955 649 3028 exploratu
663 2970 689 3017 et
702 2959 854 3021 constituta.

308 3047 381 3096 latre
396 3039 571 3112 Aboriginum
589 3036 693 3110 stirpem
712 3050 820 3111 poetam
836 3039 905 3090 Latii
922 3057 963 3092 res
984 3041 1121 3092 continere
1136 3052 1163 3093 et
1174 3037 1317 3114 ¹includere

273 3122 355 3179 modo
368 3121 489 3175 diximus.
504 3117 556 3184 Qui
567 3115 606 3169 illi
618 3117 855 3188 fuerint,·quaestio
869 3131 908 3172 est
919 3119 989 3170 inter
1003 3133 1104 3172 veteres
1119 3133 1146 3172 et
1158 3121 1317 3171 recentiores

274 3203 354 3254 estiis
367 3198 453 3255 modis
465 3195 713 3269 agitatn.1‘onemus
723 3195 767 3247 hic
778 3216 823 3262 ea,
835 3214 906 3267 quae,
917 3211 979 3270 post
989 3197 1143 3272 diligentem
1152 3200 1180 3249 in
1187 3198 1228 3251 his
1239 3197 1317 3250 rebus

274 3281 327 3337 ulio
347 3280 407 3334 loco
421 3276 579 3330 collocatam
597 3293 720 3346 operum,
741 3294 772 3326 ex
790 3279 884 3329 ceteris
902 3279 1014 3330 maxime
1027 3279 1104 3330 nobis
1117 3295 1144 3330 se
1156 3277 1316 3348 probarunt,

273 3379 359 3433 eaque
373 3359 431 3414 aliis
439 3355 587 3409 rationibus
600 3353 804 3418 illustrabimus;
816 3370 944 3428 quantum
955 3357 1062 3432 quidem
1073 3359 1107 3415 ad
1116 3358 1223 3418 doctam
1232 3370 1316 3430 poeto

273 3440 521 3512 interpretationem
532 3437 595 3491 satis
608 3454 665 3488 esse
678 3435 818 3489 videbitur.

308 3522 392 3572 Fuere
413 3515 568 3588 Aboripines
586 3533 617 3566 ex
635 3517 825 3586 antiquissimis
843 3519 937 3570 veteris
954 3517 1034 3569 ltaliae
1048 3515 1259 3580 habitatoribus,
1271 3513 1317 3574 sed

270 3613 329 3674 post
343 3601 451 3654 Umbros
465 3610 491 3652 et
503 3594 612 3648 Siculos.
623 3597 688 3664 Qun
703 3596 735 3648 de
751 3616 842 3649 eorum
858 3601 960 3672 origine
980 3598 1058 3670 vulgo
1076 3597 1174 3652 tradite
1189 3597 1315 3670 legimus,

274 3699 305 3731 ex
315 3681 429 3731 nominis
442 3679 498 3730 fere
510 3678 610 3728 caussis
623 3695 718 3748 parum
730 3676 843 3730 feliciter
854 3681 938 3751 petita
946 3690 1014 3729 sunt.
1026 3677 1092 3729 Mihi
1102 3696 1165 3729 sero
1176 3696 1208 3730 ne
1221 3677 1248 3728 id
1261 3678 1316 3748 qui·

273 3757 335 3811 dem
346 3759 449 3830 liquere
461 3758 580 3822 videtur,
594 3775 627 3810 nn
640 3759 777 3829 antiquum
792 3778 884 3811 eorum
896 3779 993 3811 nomen
1009 3759 1075 3810 illud
1096 3761 1185 3811 fuerit.
1200 3761 1222 3808 A
1237 3759 1317 3808 serio·

273 3836 362 3900 rihus,
375 3839 421 3905 qui
432 3839 555 3907 antiquas
567 3853 609 3888 res
622 3838 751 3888 memoria
760 3837 802 3888 vel
815 3837 952 3892 literarum
962 3841 1139 3890 monumentis
1152 3849 1316 3908 repeterent,

272 3918 411 3968 inventum
429 3935 526 3970 nomen
545 3930 626 3988 puto,
644 3931 674 3968 ut
692 3919 793 3990 primos
809 3919 877 3971 Latii
889 3933 915 3972 et
926 3919 1046 3972 locorum
1059 3921 1131 3972 eirca
1147 3917 1264 3970 Tiberim
1284 3915 1317 3968 ad

273 4014 346 4051 mare
354 4011 544 4068 properantem
554 3997 669 4050 cultores
679 3998 864 4072 designarent,
877 4013 1004 4072 tanquam
1018 3997 1181 4065 αὐτόχθονες,
1195 4008 1317 4068 respectu

273 4075 309 4132 nd
324 4075 438 4130 advenas
453 4074 562 4142 habito,
576 4079 623 4146 qui
635 4076 760 4151 deinceps
776 4083 803 4133 in
818 4079 911 4134 eedem
924 4082 985 4135 loca
997 4081 1186 4136 confluxerant.
1199 4077 1317 4133 Urlitue·
