2968 4696
310 329 375 460 aa
561 388 595 451 r.
620 381 1104 454 vrse1arrsraeorrs

310 515 354 578 Et
361 511 477 604 juveni
488 527 563 576 ante
576 509 689 576 oculos
702 507 753 576 his
766 531 801 574 se
812 530 889 574 cum
900 507 1037 575 vocibus
1049 510 1169 575 offert:
1312 509 1364 581 tao

360 621 513 698 «Turne,
528 634 576 682 tot
588 619 753 684 incassum
764 615 855 681 frisos
868 614 991 704 patiere
1002 615 1147 698 labores,

313 727 354 792 Et
365 745 420 791 tua
433 722 605 790 Darrlaniis
617 721 789 788 transcribi
800 738 929 809 sceptra
941 721 1087 788 colonis?

312 837 382 900 Rex
393 833 453 899 tibi
465 832 655 922 conjugium
668 847 701 894 et
712 830 864 937 quaesitas
877 829 1035 916 sangnine
1048 827 1143 895 dotes

312 940 474 1027 Abnegat,
488 954 708 1025 externusque
720 935 754 998 in
767 957 906 1021 regnum
918 935 1077 1024 queritur
1087 934 1194 1000 heres.

314 1047 328 1110 Ι
342 1069 444 1125 nunc,
458 1043 591 1131 ingratis
603 1041 690 1106 offer
702 1056 749 1118 te,
763 1039 876 1119 inrise‚
890 1039 1037 1129 periclis;
1312 1053 1359 1108 aas

313 1150 515 1240 Tyrrhenae,
528 1149 554 1227 i,
568 1165 677 1212 sterne
689 1146 792 1224 acies;
805 1161 879 1233 tege
892 1165 972 1233 pace
985 1146 1129 1210 Latinos.

314 1259 394 1321 Haec
405 1255 489 1320 adeo
502 1253 641 1330 sibime,
655 1249 783 1340 placida
795 1272 900 1339 quum
913 1267 1010 1315 nocte
1018 1251 1160 1340 jaceres,

314 1365 389 1452 lpse
402 1362 510 1451 palam
523 1360 584 1424 lari
596 1359 806 1445 omnipotens
818 1357 967 1422 Saturnia
974 1357 1083 1446 jussit.

313 1470 422 1551 Quare
432 1488 508 1554 age,
523 1481 557 1529 et
568 1463 686 1528 ermari
698 1461 822 1551 pubem
834 1463 1005 1550 portisque
1016 1462 1143 1526 moveri

315 1575 424 1638 Laetus
435 1572 470 1634 in
481 1591 571 1634 anna
582 1591 674 1658 para,
690 1583 723 1630 et
734 1566 908 1656 Phrygios,
923 1567 980 1656 qui
991 1567 1129 1630 flumine
1140 1565 1281 1655 pulchro
1310 1579 1357 1635 tto

316 1765 407 1820 Caiibe,
423 1763 517 1820 Galiba,
528 1762 640 1818 chelric,
655 1759 759 1816 crath,
772 1762 902 1823 impariter
914 1761 1145 1824 librariisseripturn.
1159 1760 1251 1806 snitum
1268 1759 1357 1822 abique
1453 1801 1454 1816 2

313 1835 422 1896 Chalyba
436 1837 465 1880 Δι
475 1833 603 1880 Bruackius
614 1833 639 1878 ia
653 1831 739 1878 Medic.
752 1833 864 1892 scriptum
876 1831 967 1878 viderat
978 1830 1076 1890 catyre,
1086 1844 1109 1878 er
1120 1843 1184 1878 recte
1195 1831 1307 1884 restium
1323 1841 1359 1874 ess

316 1910 379 1954 enirn
387 1901 493 1962 Xaaissa·
501 1907 553 1950 Janr
562 1917 640 1950 autern
649 1902 793 1950 deteriorum
805 1913 898 1950 eratum
909 1913 1036 1966 perpensat
1045 1919 1095 1950 mos
1101 1919 1137 1959 ,e.
1150 1905 1175 1950 ia
1186 1901 1316 1948 molliorem
1323 1915 1358 1945 aa·

317 1994 373 2024 nura
383 1991 409 2024 ut
418 1987 528 2026 mutetur.
536 1973 604 2037 Apud
615 1975 731 2020 Donatum
750 1973 833 2027 Beroe,
846 1988 874 2018 ex
885 1971 926 2018 lib.
938 1974 967 2028 V,
975 1973 1029 2020 62⁰.
1042 1975 1114 2020 Porro
1125 1975 1228 2019 astruis
1237 1975 1285 2034 jara
1296 1969 1357 2016 ordo

316 2047 442 2096 verborum
452 2045 542 2106 lactus:
555 2045 592 2090 Fit
604 2042 699 2103 Galybe,
711 2051 734 2090 et
743 2045 839 2090 larionis
850 2041 927 2106 tempii
940 2059 999 2090 anus
1008 2043 1119 2090 sacerdos.
1131 2044 1277 2088 Burmannus
1290 2039 1358 2086 aliani

317 2121 432 2166 rationem
441 2115 552 2177 srabjieit:
566 2115 603 2160 Fit
614 2115 639 2160 0.
649 2129 707 2160 arms
717 2122 740 2160 et
748 2114 852 2160 sacerdos
866 2110 942 2176 templi
954 2115 1057 2160 Jumr'u.
1070 2111 1174 2160 Alterum
1185 2111 1285 2166 dmum,
1298 2109 1359 2156 alte-

317 2205 370 2236 rutn
379 2188 460 2236 solutae
470 2187 569 2242 orationi
581 2187 679 2248 propius
690 2185 791 2232 videtur.
802 2186 961 2231 sonemus
969 2183 1051 2232 dubito
1058 2184 1213 2245 iungipesse,
1230 2183 1305 2236 nteit,
1313 2181 1358 2226 in·

317 2260 373 2306 noni
382 2274 444 2305 saera
455 2270 521 2302 nnus.
531 2255 599 2300 Forte
610 2253 693 2302 melius
700 2272 749 2302 rem
758 2257 792 2302 sic
800 2254 924 2318 expedias:
934 2253 1042 2316 vulparia
1049 2256 1108 2300 ratio
1115 2265 1165 2300 em
1173 2269 1179 2299 :
1188 2251 1292 2298 mernor
1301 2266 1359 2296 mas

317 2333 345 2390 (ι.
358 2327 445 2386 verde)
458 2324 534 2390 tempii
545 2327 640 2372 Janoaia
647 2345 656 2382 ,-
668 2343 711 2389 pro
722 2326 767 2373 inc
778 2326 870 2372 doctius
882 2325 940 2372 diris
950 2337 1036 2388 pocta:
1052 2327 1222 2374 medaeam
1232 2325 1327 2372 iamin
1338 2331 1362 2368 et
1455 2367 1456 2388 p

318 2396 402 2461 templi.
413 2422 444 2432 —
453 2395 506 2452 iao.
514 2398 621 2458 jurreaem
633 2396 681 2440 duo
693 2397 772 2442 Burm.
783 2421 815 2432 ··-
822 2395 876 2451 ira.
894 2395 1020 2442 Dardanis
1038 2413 1073 2459 pr.
1085 2395 1183 2450 Mareu,
1194 2393 1306 2441 assolent
1320 2395 1360 2438 in·
1455 2391 1456 2402 ¹

319 2470 382 2515 slocti
394 2468 491 2512 librarii.
503 2465 630 2511 numerata
642 2482 689 2512 sec.
702 2466 784 2512 llamb.
796 2491 828 2502 ·-
836 2466 889 2523 423.
901 2467 997 2514 etabest
1006 2467 1095 2530 aliquot
1107 2467 1168 2514 Pier.
1179 2465 1273 2522 -414,
1285 2465 1361 2510 Deuc-

315 2547 356 2602 qai
366 2539 426 2582 Vera.
446 2544 565 2598 αωηιιιεᾳ.
583 2535 682 2582 Derrill.
694 2534 759 2582 lter-ns
779 2535 873 2582 Vratial.
885 2562 916 2572 -
925 2536 979 2594 4²6.
993 2541 1007 2582 ι’.
1023 2538 1090 2584 abest
1107 2538 1163 2600 lleg.
1183 2540 1279 2582 autum
1292 2532 1361 2580 malti

319 2609 399 2653 lleirrs.
409 2607 457 2652 duo
469 2603 538 2652 Goth.
548 2618 571 2651 et
579 2623 591 2652 a
600 2621 635 2667 pr.
645 2621 676 2650 m.
685 2605 771 2652 Medic.
781 2616 898 2668 pruriente
908 2608 1013 2656 Perrhae.
1023 2617 1045 2654 et
1052 2618 1081 2656 tt.
1090 2607 1246 2671 aliquotPier.
1254 2641 1261 2662 ,
1269 2619 1292 2653 et
1299 2607 1361 2652 forte

320 2673 429 2720 nonnulli
441 2675 520 2720 Helas.
533 2689 590 2738 rrqe.
603 2699 634 2709 -
647 2673 700 2736 4²7·
711 2679 813 2738 jacerem
823 2679 886 2740 conj.
903 2679 938 2723 rir
954 2678 1036 2726 doctus
1048 2681 1073 2724 in
1088 2679 1154 2726 Mire.
1171 2677 1251 2731 Obsi..
1265 2687 1361 2722 ιιοιιιιιι

319 2748 397 2792 Burm-
411 2769 441 2780 -
450 2745 504 2802 430.
511 2753 581 2808 parat
596 2744 655 2792 alter
668 2747 762 2803 lienis„
771 2747 813 2794 sed
824 2746 907 2796 ultima
918 2747 986 2795 litera
999 2749 1121 2796 subacuta
1127 2748 1195 2813 jube,
1205 2765 1233 2796 ea
1245 2751 1361 2809 interpre-

320 2819 424 2874 tatione,
436 2814 512 2862 Colat·
523 2814 610 2866 Medic.
623 2815 733 2864 Scheller.
746 2817 792 2864 Sed
808 2820 914 2881 sequitur
920 2818 987 2882 jubet
999 2837 1021 2866 r.
1033 2819 1087 2877 iia.
1099 2827 1121 2866 at
1133 2819 1197 2866 abest
1211 2835 1248 2881 pr.
1264 2815 1361 2864 lientel.

319 2971 480 3047 templique:
493 2975 518 3027 Si
532 2974 609 3027 aliter
618 2976 707 3046 pangis
721 2976 819 3044 rerba,
863 2996 928 3049 pro,
940 2981 1042 3049 patiere
1053 2976 1165 3031 arnandi.
1179 2987 1204 3029 ct
1216 2975 1360 3029 transcribi.

319 3059 407 3109 minus
421 3055 560 3108 commode
571 3055 613 3119 fin
634 3057 683 3107 etsi
702 3075 751 3107 nec
765 3056 818 3108 hoc
864 3057 898 3109 de
920 3076 987 3110 roca
1008 3058 1145 3109 transcribi
1163 3057 1217 3108 rid.
1241 3073 1299 3126 sup.
1323 3056 1359 3118 V,

321 3137 393 3188 onrni
406 3135 575 3186 incommodo
588 3149 668 3187 caret.
683 3137 765 3208 igitur
776 3154 820 3187 sa·
865 3135 930 3204 7503
943 3137 969 3189 h.
992 3137 1009 3188 l.
1033 3138 1171 3190 transferri
1192 3138 1228 3188 ait
1251 3153 1361 3207 regnum

321 3214 415 3267 certios
433 3215 545 3265 iunonis
565 3214 612 3266 tali
631 3227 688 3266 erat
705 3213 816 3278 habitu,
865 3216 952 3267 Latini
969 3215 1058 3268 dotale
1076 3234 1135 3268 cum
1153 3215 1264 3266 Lavinia
1276 3213 1311 3266 ad
1322 3232 1364 3265 ex·

321 3309 351 3348 ut
362 3298 427 3347 vitta
439 3309 466 3346 et
483 3295 621 3368 oleaginea
637 3315 737 3348 corona
748 3298 819 3348 rine-
867 3309 946 3350 teres.
959 3327 994 3338 —
1006 3295 1066 3364 4ιὸ.
1084 3295 1219 3368 sanquine.
1232 3295 1300 3346 Nam
1312 3311 1361 3365 pro

322 3373 817 3429 teshaberetcomas.lraitatuaestirr
867 3379 961 3430 Latino
992 3395 1061 3448 sepe
1089 3394 1191 3448 pugnas
1214 3377 1361 3446 suscepisse

321 3456 423 3507 Tiresia
441 3453 538 3506 Statius
560 3455 582 3504 11
601 3453 685 3506 Theb.
703 3472 752 3524 97,
767 3455 817 3524 98,
867 3455 1001 3528 putandus
1018 3467 1058 3508 est
1070 3473 1101 3507 ex
1114 3473 1139 3506 v.
1153 3453 1217 3520 425,
1231 3454 1291 3522 426.
1308 3463 1363 3526 teye

322 3553 373 3604 99,
387 3545 414 3586 et
424 3534 452 3586 in
466 3533 630 3605 Amphiarao
641 3535 705 3600 vn,
716 3533 764 3598 88,
775 3535 816 3604 89.
864 3553 930 3608 pace
941 3535 1046 3586 Latinas
1055 3534 1113 3587 scil.
1125 3533 1269 3586 avertendo
1282 3545 1309 3586 et
1319 3551 1363 3584 re-

321 3616 456 3667 Jarrorrern
482 3626 572 3666 autem
598 3615 692 3666 merito
714 3615 818 3684 posuit,
866 3613 992 3686 pellendo
1013 3613 1111 3666 hostes.
1125 3613 1230 3683 -lap
1250 3611 1363 3684 Compa-

324 3695 424 3764 quippe
441 3711 499 3763 que
516 3694 600 3746 Tarni
616 3693 696 3745 rebus
710 3691 818 3758 studet,
868 3706 927 3746 rant
943 3695 1060 3765 interpp.
1078 3693 1154 3746 iliad.
1168 3715 1196 3754 e,
1210 3693 1258 3760 184
1265 3689 1323 3762 ''Hpr
1332 3711 1363 3756 μι

323 3787 350 3825 et
360 3775 435 3842 cujus
451 3773 578 3846 ternplum
590 3775 672 3827 fuisse
683 3773 776 3826 Ardae
788 3791 819 3825 ex
867 3769 961 3842 apuires
985 3787 1082 3826 etc.-
1098 3774 1157 3841 430.
1182 3772 1256 3826 teau
1276 3773 1363 3844 poetis

322 3852 389 3906 locis
402 3851 478 3904 Plinii
489 3865 611 3918 mactat,
624 3856 651 3906 in
663 3853 761 3925 quibus
773 3871 820 3904 aa·
867 3867 908 3905 est
925 3853 1012 3925 simpl.
1029 3851 1133 3906 alacer:
1152 3871 1186 3904 ae
1204 3853 1231 3903 ia
1245 3849 1299 3903 lroc
1309 3850 1364 3902 he-

322 3931 485 4000 tiquiasirnas
496 3933 619 3986 Arrleatis
631 3933 723 4004 templi
730 3935 819 4004 pictu-
866 3952 941 4000 reas,
958 3933 1023 4005 quid
1036 3931 1300 3986 tandemtandem
1314 3932 1362 4001 ipsi

324 4026 367 4062 ras
378 4010 489 4062 miratur
500 4012 613 4076 XXXV,
623 4011 639 4063 3
651 4028 672 4063 a.
683 4012 702 4064 6
713 4026 739 4064 et
754 4029 785 4066 ro
796 4028 817 4064 a.
867 4014 1079 4090 fueritflamirpe
1088 4011 1216 4083 pulchro,
1227 4009 1365 4077 earnwi-

320 4088 482 4159 ι37.-4ιι.
502 4089 606 4159 patiere
621 4089 697 4159 susos
718 4110 817 4163 grece,
868 4093 927 4160 isar,
950 4110 1048 4146 ornans
1070 4089 1217 4163 epitheton.
1239 4089 1281 4144 Sic
1305 4105 1363 4160 rap.
