2956 4680
377 363 612 431 unelnos
635 363 788 428 crana
810 366 919 431 vrri.
1103 374 1161 451 401

134 491 207 556 Nox
219 507 300 554 eret:
314 503 348 553 et
359 503 462 554 terras
474 487 625 552 animalia
638 488 721 551 fessa
734 510 794 574 per
805 489 925 567 omnis,
1006 523 1009 530 ⁴

135 597 280 661 Alituum
291 593 524 683 pecudumque
537 615 640 682 genus
653 614 753 680 sopor
764 592 847 658 altus
859 592 1018 674 babebat,

134 705 245 786 Quum
257 718 348 789 pater
360 701 393 763 in
405 699 475 788 ripe
488 698 654 788 gelidique
667 697 729 762 sub
742 697 872 762 aetheria
884 721 942 762 axe

134 811 265 886 AEneas,
279 807 361 870 tristi
374 805 522 869 turbatus
536 820 668 893 pectora
680 802 783 882 bello,

135 912 327 991 Procubuit,
341 934 512 1000 seramque
526 909 617 976 dedit
630 932 689 998 per
701 909 848 974 membra
861 910 1016 998 quietem.
1139 927 1176 987 so,

136 1019 222 1081 Huic
235 1016 317 1081 deus
329 1017 398 1104 ipse
411 1016 474 1081 loci
487 1015 588 1078 lluvio
600 1014 776 1078 Tiberinus
788 1037 918 1078 amoeno

136 1121 296 1210 Populeas
309 1121 394 1184 inter
405 1121 515 1186 senior
526 1143 561 1184 se
573 1118 731 1183 adtollere
744 1117 871 1184 frondis

136 1227 249 1306 Visne,
263 1250 339 1291 eum
352 1225 458 1290 tenuis
471 1225 587 1314 glauco
598 1223 727 1290 velabat
737 1225 859 1289 amictu

137 1329 313 1410 Carbasus,
327 1348 360 1395 et
371 1331 470 1396 crinis
483 1329 637 1394 umbrosa
649 1328 779 1417 tegebat
790 1327 933 1410 arundo;

138 1435 414 1516 Tumsicadleri,
429 1433 903 1508 etcurashiedemeredictis:
1145 1451 1176 1500 st

137 1650 239 1697 indocte.
248 1675 280 1686 -
291 1651 328 1696 26.
344 1668 366 1698 a.
378 1667 443 1698 versa
459 1651 528 1698 Goth.
540 1667 585 1698 sec.
597 1667 641 1698 res.
656 1651 693 1696 26.
706 1667 742 1712 ²7·
753 1646 878 1698 laudentur
890 1653 915 1697 in
926 1651 1072 1700 (iente-oven.
1082 1655 1175 1708 Senect

137 1720 177 1766 lib.
194 1721 234 1765 lll.
251 1732 355 1767 controv.
373 1721 407 1766 16.
420 1720 508 1767 edulio
521 1722 646 1777 Montano,
667 1719 741 1767 nobili
759 1733 843 1782 poeta,
859 1720 948 1785 Vimilt'i
963 1725 1105 1780 imitationum
1123 1724 1178 1771 tene

136 1794 227 1836 cessisse
233 1803 357 1856 censente,
369 1795 410 1855 qui
419 1789 468 1836 illos
477 1795 570 1853 optimos
579 1805 656 1836 versus
667 1793 689 1835 V
689 1793 777 1836 anonis
787 1793 931 1853 expressisset
940 1794 963 1834 in
972 1789 1067 1838 melius:
1079 1794 1180 1840 «Desie-

136 1871 188 1904 rant
195 1859 277 1904 latrare
285 1875 361 1912 canes,
374 1861 489 1924 urbesque
501 1861 613 1918 silebant;
622 1863 705 1907 Omnia
716 1863 790 1906 noctis
802 1873 867 1906 erant
877 1858 967 1922 placida
979 1874 1096 1924 composta
1109 1865 1178 1925 quie-

136 1939 167 1972 te.
176 1949 186 1968 ι
200 1927 289 1974 Solebat
298 1929 389 1973 Ouidius
400 1931 428 1974 de
440 1927 474 1975 iris
482 1931 582 1976 versibus
592 1933 677 1987 dicere,
688 1934 787 1993 potuisse
792 1929 848 1990 fieri
857 1929 919 1994 lotape
929 1929 1041 1986 utelims,
1055 1935 1076 1976 si
1085 1931 1179 1979 secundi

135 2015 214 2045 versus
224 1999 301 2044 ultima
310 2015 364 2062 pars
372 1999 550 2055 abscinderetur,
567 2012 590 2048 et
604 2007 636 2048 sic
652 2003 777 2048 desim:
793 2022 803 2041 ι
811 2003 894 2046 Omnia
906 2005 980 2046 noctis
993 2016 1065 2048 erant.
1075 2025 1085 2044 ι
1097 2030 1128 2039 -
1140 2005 1177 2049 att.

140 2071 199 2112 Tum
211 2067 259 2112 duo
270 2069 348 2112 Burm.
360 2091 391 2103 -·
403 2069 440 2114 33.
453 2070 509 2114 Cum
517 2073 582 2116 lunt.
593 2083 617 2116 et
627 2071 678 2115 ald.
689 2087 738 2132 pr.,
750 2073 829 2132 sicque
839 2072 919 2126 Rom,
932 2071 1053 2116 emendate
1063 2087 1114 2116 eum
1124 2073 1177 2118 Ald.

136 2152 183 2184 sec.
194 2163 226 2173 —
238 2137 275 2183 35.
286 2138 342 2182 Cum
354 2138 439 2183 Moret.
452 2153 497 2186 tec.
510 2139 604 2202 adfmm
614 2139 712 2187 Dorvill.

130 2319 226 2379 eetque
239 2325 366 2360 exacuens
381 2310 454 2360 varia
470 2312 507 2362 ad
519 2313 635 2364 conami-
682 2312 752 2380 Θϊμς
764 2308 870 2378 dpsmdol
878 2328 904 2360 ns
916 2306 955 2359 eei
966 2306 1029 2374 qimi
1037 2311 1159 2373 pinsentis·

132 2407 171 2440 na
188 2397 319 2452 mentem,
336 2387 412 2440 Sicut
423 2407 499 2460 aquoe
514 2388 636 2461 splendor
682 2391 725 2442 liei
743 2388 839 2443 »ittet
860 2388 881 2438 ir
899 2386 1009 2448 dindimi
1027 2407 1117 2455 πορφυ-

134 2465 251 2517 mdialus
275 2463 396 2536 lampade
419 2466 487 2518 Solis
508 2467 635 2520 Dteultat
717 2465 1080 2537 pdcdtie,ttidoosrtd’oimdr

131 2562 183 2617 per
193 2554 269 2608 tecta,
278 2561 344 2616 napa
353 2546 396 2596 snb
407 2546 522 2618 imaqine
531 2547 634 2599 vibrans
679 2550 749 2598 eine
759 2549 936 2614 retompripm
949 2573 989 2595 -.

134 2623 265 2686 Luminis,
278 2633 305 2672 et
315 2621 426 2674 tremula
435 2623 570 2698 laquearia
579 2645 634 2677 ver·
683 2627 736 2679 Sub
749 2627 794 2678 dio
806 2627 901 2677 AEneas
914 2625 1071 2692 obdormiit,
1084 2644 1179 2678 seram-

132 2705 320 2757 :berotumbre¹
683 2725 734 2778 que
755 2705 826 2757 dedit
845 2721 894 2776 per
912 2705 1023 2755 rnembra
1046 2707 1176 2778 quietem:

174 2784 206 2835 26
216 2801 273 2853 sqq.
283 2785 379 2836 lterum
389 2803 540 2854 pernovum
549 2787 634 2837 visum
684 2785 764 2838 ducta
782 2784 909 2856 loquendi
925 2784 1011 2835 forma
1028 2802 1059 2835 ex
1078 2786 1177 2852 altera,

136 2863 633 2918 fatalisrerurnordodeclaratnrzvide
684 2883 848 2936 qnasommts
857 2863 913 2914 didi
921 2867 1179 2936 percorpus,sparyi

138 2941 254 3011 Diequis.
270 2943 292 2991 ll
304 2941 334 2990 T.
348 2943 380 2991 ll.
393 2959 414 2992 s.
427 2944 471 2991 Vl.
486 2945 578 2994 Noctis
589 2943 634 2994 de·
681 2961 730 3013 per
751 2943 886 3004 membm,
912 2941 1016 2991 dicitur.
1039 2943 1177 2994 Menenius

136 3021 249 3072 claratio
268 3037 390 3090 magnam
411 3021 566 3072 suavitatem
586 3020 634 3072 ha·
683 3021 749 3078 hoc,
763 3021 834 3090 quod
847 3020 966 3090 plerique
981 3019 1062 3070 verba
1072 3032 1179 3088 tenent,

138 3099 184 3152 bet
194 3121 203 3166 3
215 3099 396 3168 copiosiorem
414 3112 536 3151 «trunsum
554 3119 635 3171 supra
684 3115 789 3152 caussas
802 3099 931 3150 sermonis
941 3100 1071 3168 ignorant.
1090 3129 1093 3134 ι

138 3181 189 3244 IV,
200 3177 249 3230 522
264 3195 336 3248 seqq.
348 3178 471 3230 attulerat
481 3201 488 3230 ι
502 3179 547 3230 nbi
557 3179 638 3250 Apol·
720 3177 762 3228 31.
771 3177 832 3228 deus
840 3175 901 3239 loci,
910 3171 1029 3244 ὶπιχᾶμος
1039 3174 1101 3232 θείς.
1111 3179 1181 3249 Ripa

140 3260 206 3311 lonii
217 3257 314 3308 Rhodii
323 3259 433 3328 vestigia
446 3259 637 3312 animadverte·
685 3254 788 3307 Tiberis
804 3253 910 3325 populis
929 3273 986 3306 esse
1005 3254 1096 3307 debuit
1112 3275 1180 3328 prte-

135 3340 242 3393 bamus.
255 3337 346 3408 Nuper
356 3338 383 3388 in
393 3339 487 3390 Lexico
497 3341 636 3392 Homerico
686 3347 769 3388 texta:
784 3335 855 3406 quod
868 3353 938 3386 nunc
951 3334 1027 3386 aliter
1040 3353 1068 3388 se
1082 3335 1181 3389 babere

141 3419 248 3472 ulterius
265 3416 399 3486 Apollonii
413 3435 474 3488 pag.
490 3419 541 3490 490
556 3417 635 3492 (pag.
687 3414 785 3467 audio:
798 3415 844 3466 sed
864 3417 934 3466 conl.
956 3417 1003 3466 inf.
1020 3417 1067 3484 95,
1088 3417 1137 3483 96,
1153 3429 1180 3468 et

141 3498 193 3565 408
205 3497 278 3546 Torn.
290 3497 335 3566 ll)
344 3498 423 3548 etiem
434 3496 473 3548 illi
483 3497 636 3549 Alemanem
684 3496 745 3556 Vll,
758 3511 791 3563 29
803 3513 876 3564 sqq,
885 3493 976 3564 ibique
990 3495 1050 3545 Exc.
1063 3496 1096 3545 lll
1110 3515 1126 3546 a
1137 3514 1179 3566 pr,

139 3576 274 3648 praeivisse
292 3573 404 3626 vidimus
427 3576 545 3628 versibus
569 3577 636 3626 forte
684 3573 769 3625 -33.
781 3571 1180 3643 tenniscarbcrsusplaucoamio-

141 3657 181 3706 sic
192 3651 383 3705 constituendis
395 3675 401 3704 :
685 3663 729 3716 tn,
739 3669 788 3722 pro
798 3651 892 3722 glonna
901 3650 972 3721 palla
981 3651 1120 3704 carbasina
1130 3653 1179 3705 hu·

141 3729 248 3786 Eidooon
261 3731 285 3781 δ’
298 3729 363 3799 ipim
379 3733 478 3801 κορυφαί
491 3752 517 3784 es
533 3730 573 3783 tei
589 3728 637 3798 φοί-
685 3731 813 3783 ιῃοήενοί
823 3732 917 3782 femori
929 3729 1066 3783 fluviorum
1082 3735 1180 3803 injecta

213 3829 312 3879 ριγγις,
684 3814 713 3862 in
725 3811 805 3882 signis
815 3823 941 3862 veterum.
952 3810 1111 3864 lmitatorem
1124 3831 1181 3866 ver-

142 3888 249 3958 sspe'erse
260 3887 300 3942 ridi
311 3888 351 3940 eei
361 3888 489 3960 χαρέθμι·
685 3890 780 3942 bosum
792 3887 966 3939 Claudianum
975 3887 1062 3941 Cende
1073 3910 1181 3961 compa-

140 3971 209 4024 Oine
221 3971 246 4022 di
257 3971 298 4031 θ’,
309 3969 395 4038 iptrmi
404 3968 442 4032 θ’,
457 3969 516 4022 isse
526 3967 602 4041 rpiqo
687 3969 788 4020 ravitin
797 3968 891 4038 Paneg.
901 3967 991 4038 Olybr.
1000 3967 1035 4036 (l,
1044 3971 1092 4035 nid
1100 3971 1179 4041 sqq.)-

211 4049 313 4116 pimme
324 4051 399 4118 yeie,
687 4047 763 4100 Adde
772 4046 804 4102 de
809 4047 844 4100 Vl
849 4047 926 4098 Cons.
937 4048 1179 4119 ttononifflvltl,

214 4138 244 4196 3,
975 4135 1008 4187 26
