2968 4696
480 368 545 430 AD
566 363 767 429 LIBRUM
789 365 877 428 Vll.
1138 363 1197 429 361

615 586 756 602 m

441 697 801 791 EXCURSUS
835 699 927 786 ΙΙΙ.

165 893 219 958 De
232 892 391 966 lucorum
411 895 444 955 in
458 915 532 982 qrsoe
546 891 580 955 T
575 894 683 978 rnjani
693 891 991 976 escensumfiecere,
1008 895 1071 957 situ
1079 919 1091 970 ;
1105 889 1203 960 adeo·

206 1021 269 1088 que
285 997 327 1062 de
340 1019 418 1088 agro
431 995 595 1062 Laurente
608 1012 643 1062 et
658 995 757 1083 Troja
777 1020 880 1072 nova,
896 993 1025 1062 urbibus
1041 996 1205 1062 Laurento

210 1104 406 1182 cellarino,
419 1103 698 1196 Nurut'erofluvio,
711 1101 859 1170 Jununae
871 1105 961 1181 hou,
973 1121 1005 1170 ct
1018 1103 1095 1170 urbe
1109 1102 1148 1170 A
1149 1103 1206 1168 tha

211 1211 335 1300 Longu.

202 1371 281 1422 Nunc
292 1369 324 1422 de
336 1367 466 1433 monim,
479 1367 514 1420 nd
527 1387 584 1440 quta
595 1387 640 1422 sex
650 1370 828 1441 posteriorum
838 1368 954 1422 AEueidis
966 1368 1095 1422 librorum
1106 1385 1148 1420 res
1158 1365 1210 1420 dis·

169 1450 261 1522 positu
282 1459 358 1511 sunt,
379 1447 433 1500 situ
451 1449 544 1519 paucis
562 1447 725 1514 videbimus,
747 1460 875 1518 quantum
894 1445 1000 1519 quidem
1018 1446 1053 1498 ad
1069 1445 1209 1497 consilium

168 1539 288 1580 nostrum
298 1529 419 1580 conferre
429 1527 515 1580 videri
528 1541 625 1598 potest.
638 1529 707 1580 Nam
724 1527 776 1580 sliu
794 1541 820 1580 ct
838 1545 887 1579 suo
904 1543 977 1579 more
991 1537 1139 1580 tractarunt
1153 1525 1210 1576 huc

168 1607 306 1661 Cluverius
319 1606 377 1659 ltel.
387 1618 441 1658 ant.
455 1620 481 1658 et
493 1607 606 1677 Vulpius
618 1607 694 1658 Lutio
709 1621 763 1660 ant.

202 1685 358 1740 Escendisse
368 1685 498 1754 Trojanos
511 1683 545 1736 ad
556 1683 619 1737 litus
633 1685 731 1738 Tiberis
742 1685 869 1738 orientale
879 1687 956 1738 locus
964 1686 1027 1750 vlt,
1041 1703 1074 1755 ²9
1082 1717 1115 1726 -—
1123 1687 1157 1739 36
1169 1684 1210 1737 di-

167 1778 236 1820 serte
248 1765 335 1818 docet.
347 1763 434 1836 (Nem
446 1783 478 1816 en
490 1763 536 1815 illo
548 1782 627 1817 versu
639 1766 701 1833 vlt,
712 1765 759 1833 uls
769 1803 777 1831 ,
787 1765 835 1831 nlo
844 1765 970 1838 jussisque
980 1765 1128 1838 inqentibus
1138 1775 1213 1838 urget

166 1843 262 1912 Apollo
283 1841 448 1915 Tyrrhenum
460 1842 496 1894 acl
513 1841 639 1912 Tltyttrt'm
656 1854 682 1895 et
694 1842 781 1914 fontis
797 1844 864 1896 uada
879 1863 952 1898 sacru
969 1842 1095 1910 Numici,
1114 1853 1210 1915 pssunt

169 1926 248 1978 docte
260 1923 401 1995 appulsum
413 1924 589 1993 Trojanorum
603 1923 637 1976 nd
651 1925 768 1978 Numicii
780 1924 805 1976 ll.
820 1927 889 1978 ostia
901 1923 1059 1978 transtulere
1070 1924 1211 1992 nonnulli,

171 2008 198 2057 in
209 2023 322 2076 qnorum
335 2002 450 2073 aliquem
459 2003 584 2055 incidisse
593 2003 700 2054 videtur
710 2005 845 2069 Zonaras,
856 2003 978 2076 quiidem
989 2005 1045 2056 lere
1057 2002 1146 2058 tradit.
1160 2001 1212 2055 Sed

169 2085 322 2137 Numicium
329 2083 419 2154 posuit
431 2081 507 2133 Maro
520 2083 626 2151 poetica
635 2084 738 2134 ratione
751 2086 860 2135 omnino
876 2082 910 2136 ad
923 2085 1058 2154 regionem
1070 2083 1213 2156 designen-

171 2159 241 2214 dam.
251 2162 263 2232 )
273 2161 379 2212 Faciem
386 2157 498 2210 litoralis
509 2159 595 2230 plage
604 2171 630 2210 et
640 2159 760 2211 Tiberini
769 2161 832 2212 ostii
840 2159 965 2212 describit
976 2173 1055 2230 poeta
1068 2159 1213 2212 admodum

173 2240 304 2294 diversam
317 2239 351 2292 ab
361 2257 405 2303 ea,
419 2257 477 2310 que
488 2251 579 2290 nostro
590 2256 645 2290 evo
657 2241 829 2310 conspicitur.
838 2240 915 2291 Nunc
923 2258 1004 2292 crena
1012 2239 1095 2292 multa
1102 2240 1214 2306 obtinet,

173 2333 218 2373 eut
233 2337 296 2391 ager
310 2318 430 2388 apricum
443 2316 523 2388 idque
532 2319 588 2387 jem
599 2317 691 2368 Rutilii
703 2331 822 2389 tempore
832 2319 870 2370 ita
881 2337 909 2371 se
920 2317 1027 2383 babuit,
1040 2320 1099 2370 ltin.
1110 2320 1135 2383 1,
1149 2317 1194 2369 181
1206 2338 1212 2366 :

172 2402 263 2454 tuum
271 2398 402 2450 inaccessis
405 2397 512 2473 fluuius
521 2397 617 2449 vitatur
625 2397 728 2463 arenis,
739 2398 856 2469 Hospitis
862 2395 1045 2470 AEueoeqloria
1053 2396 1108 2452 sola
1118 2406 1214 2460 manet.

172 2482 207 2532 At
218 2482 313 2532 AEnees
326 2479 457 2552 ingentem
468 2495 500 2528 es
511 2494 614 2549 equore
627 2481 716 2529 lucum
728 2479 871 2551 Prospicit3
885 2477 956 2530 liutto
968 2478 1127 2556 interfluuio
1141 2477 1215 2530 Tibe·

172 2562 246 2615 riuus
258 2577 360 2612 umoeuo
374 2557 521 2614 Vorticibus
534 2558 632 2630 rapidis
643 2569 670 2610 et
681 2557 862 2636 multnfluuus
872 2577 954 2611 arena
966 2560 999 2610 lu
1011 2577 1083 2611 mure
1092 2577 1216 2631 prorum-

171 2648 213 2716 pit
223 2655 273 2696 etc.
287 2641 351 2709 Qure
364 2653 451 2693 tumen
465 2657 575 2693 nemore
587 2657 641 2691 non
656 2639 706 2691 soli
722 2653 807 2713 poeue
826 2641 932 2712 ingenio
944 2638 1036 2692 deberi
1052 2639 1216 2693 credendum

173 2735 221 2775 est.
239 2722 308 2774 Nam
326 2722 442 2792 primum
459 2720 620 2772 incultarum
633 2733 779 2787 terrerum,
798 2733 941 2790 antequem
956 2717 1120 2772 habitatores
1132 2731 1216 2772 nocte

172 2803 241 2865 siut,
255 2800 410 2872 plerumque
422 2799 444 2850 is
456 2797 563 2850 babitus
578 2811 631 2864 est,
648 2811 678 2850 ut
694 2799 797 2852 silvosus
811 2812 837 2852 et
849 2797 986 2870 paludosae
1003 2798 1068 2859 sint;
1088 2810 1144 2850 tum
1163 2796 1216 2849 ulia
1253 2792 1256 2798 ’

172 2883 273 2954 passim
292 2893 411 2932 veterum
432 2892 573 2949 poetarum
594 2879 668 2946 loca,
691 2878 738 2931 ubi
760 2878 793 2932 de
811 2879 901 2930 Romu
921 2878 1068 2950 originibus
1091 2875 1216 2940 tradunt,
1248 2949 1253 2952 -

173 2971 314 3027 utramque
326 2957 429 3008 Tiberis
448 2957 535 3026 ripum
552 2955 692 3008 arboribus
706 2956 816 3010 densant
828 2957 961 3010 exhibent.
975 2955 1095 3008 Tandem
1107 2955 1216 3006 meliore

173 3038 254 3088 ctiam
265 3035 346 3087 ltaliu
356 3033 444 3096 cultu,
453 3035 633 3087 Romanorum
641 3047 775 3104 tempore,
785 3035 847 3086 litus
858 3035 912 3086 hoc
923 3035 1045 3086 Ostiense
1058 3031 1125 3084 lucis
1136 3031 1218 3084 ubun-

174 3115 252 3168 dasse
266 3115 401 3166 Laut-isius
415 3112 507 3164 docuit
518 3113 546 3164 in
558 3113 625 3164 Dies.
640 3113 673 3168 de
685 3113 755 3166 villa
766 3115 888 3166 Pliniana
899 3115 927 3165 iu
936 3114 1007 3184 Opp.
1021 3116 1048 3165 Ρ.
1061 3113 1099 3180 11,
1109 3131 1135 3182 p.
1152 3128 1218 3178 ηπ,

173 3193 221 3246 nbi
233 3193 260 3243 in
271 3191 436 3264 aggestiones
450 3189 534 3242 litoris
544 3191 676 3242 Ostiensis
687 3192 787 3256 factus,
800 3192 858 3244 solo
872 3193 900 3242 iu
913 3210 986 3244 mare
1000 3191 1036 3244 ad
1046 3191 1082 3244 lll
1093 3189 1218 3242 milliaria

173 3269 322 3344 producto,
332 3280 394 3340 post
408 3267 475 3321 alios
484 3270 555 3320 siros
567 3268 661 3320 doctos
675 3271 792 3338 inquirit.

210 3351 293 3422 Igitur
306 3367 322 3400 a
333 3347 412 3413 luva,
426 3365 472 3400 seu
489 3347 612 3402 orientali
624 3348 729 3402 Tiberis
744 3349 823 3401 litore
841 3349 911 3416 lste,
928 3367 959 3402 ex
978 3361 1062 3420 poete
1071 3367 1126 3402 non
1135 3346 1217 3400 modo

175 3441 277 3493 mente,
288 3427 370 3481 sedet
382 3446 486 3480 exsero
495 3427 615 3482 locorum
627 3427 731 3496 indole,
743 3431 831 3501 patuit
840 3430 920 3496 silva,
931 3443 958 3484 et
969 3449 1002 3483 ea
1011 3429 1119 3500 quidem
1130 3427 1218 3480 adhuc

176 3508 315 3561 Commodi
327 3520 447 3580 tempore
457 3505 539 3562 lauris
550 3510 690 3581 frequens,
702 3522 731 3561 ut
747 3528 779 3562 ex
794 3509 948 3564 Herodiano
961 3509 1116 3582 intelligitur
1128 3508 1174 3560 lib.
1187 3507 1218 3570 l,

175 3592 220 3646 36.
232 3591 371 3644 'l'cnebaut
385 3589 442 3644 hac
454 3590 515 3644 losa
526 3591 685 3663 Aboriqiues
703 3609 762 3665 reqe
778 3593 890 3658 Latino,
910 3594 962 3663 ipsi
979 3591 1117 3644 Luumntes
1135 3589 1217 3642 dicti:

144 3713 146 3718 .
175 3669 223 3724 lib.
242 3671 293 3734 Vl,
306 3669 371 3739 892,
384 3669 526 3722 muneres
534 3667 647 3742 populos
659 3671 800 3745 urbemque
811 3671 910 3724 [utini.
928 3669 1002 3724 ldem
1018 3687 1115 3722 nomen
1127 3668 1216 3730 urbis,

175 3751 315 3804 Laurentes
326 3749 556 3816 taliamentum,
570 3747 604 3804 ab
617 3753 738 3818 inventu,
750 3751 813 3804 dum
825 3751 1005 3817 condebatur,
1017 3751 1107 3812 lauro;
1117 3764 1148 3801 nt
1160 3749 1217 3815 vn,

175 3829 211 3900 59
221 3861 253 3870 -
263 3831 296 3884 62
307 3843 431 3883 narratur
442 3853 447 3882 :
461 3830 489 3883 id
496 3830 570 3903 quod
579 3845 664 3902 poeta
674 3832 892 3905 relinquendum
902 3844 1047 3904 potuerunt
1056 3831 1127 3882 enim
1136 3830 1217 3882 etism

176 3911 234 3966 elie
247 3912 361 3964 nominis
371 3929 428 3964 csse
437 3927 554 3983 cqnsstct
567 3913 636 3966 forte
646 3915 702 3984 ipse
717 3913 852 3967 lautorum
864 3932 912 3985 per
928 3913 984 3965 buc
998 3911 1059 3965 loce
1069 3909 1144 3962 lutus
1153 3927 1218 3980 pro—

175 4001 279 4043 ventus.
289 3989 359 4062 Ager
371 4002 460 4044 sutem
469 4008 554 4062 usquc
567 3989 601 4045 od
613 4011 686 4046 marc
699 4011 730 4046 ac
742 3992 860 4046 Tiberim
869 4003 964 4064 patens
973 3989 1089 4044 Lauuus
1097 3988 1140 4040 vel
1149 3987 1218 4039 luu-

176 4070 294 4128 rentt'uut
304 4069 356 4126 luit
369 4068 465 4144 dictus.
477 4071 583 4132 llomeu
595 4085 684 4134 tumen
694 4073 830 4132 interdum
839 4073 931 4144 uno,
941 4085 972 4130 ut
984 4083 1079 4146 poeto,
1089 4068 1169 4125 latius
1182 4064 1219 4121 sd
