2956 4680
400 379 634 468 eremos
657 378 945 468 uisurum.

155 526 326 592 Evandrus
338 528 473 616 pariter,
487 528 609 618 pariter
620 525 763 614 Trojtma
771 525 938 615 juventus.

154 634 232 698 Post
243 633 321 699 hinc
333 631 374 698 ud
387 634 478 699 nevis
491 631 652 721 graditur,
666 633 841 720 sociosque
853 634 982 698 revisit:

155 737 307 819 Quorum
319 736 361 803 de
374 761 527 818 numero,
540 737 600 826 qui
612 759 683 802 sese
696 735 828 802 inbelle
841 755 1033 827 sequentur,

156 844 341 910 Praesmntis
353 845 473 909 virtute
485 844 583 931 legit:
596 865 671 930 pers
683 859 791 906 cetera
803 865 908 932 prona

156 949 275 1013 Fertur
286 972 384 1038 aqua,
397 949 573 1039 segnisque
585 946 733 1013 secundo
746 947 862 1012 defluit
873 952 975 1027 amni,

156 1053 280 1118 Nuntia
291 1071 430 1120 ventura
441 1054 581 1119 Asconio
594 1075 772 1143 rerumque
784 1055 962 1143 putrisque.

156 1157 287 1222 Dantur
298 1159 376 1248 equi
390 1157 534 1224 Teucris
540 1155 712 1246 Tyrrhena
723 1156 912 1246 petentibus
923 1181 1015 1238 arum

156 1257 293 1329 Ducunt
305 1281 468 1329 exsortem
480 1267 604 1343 AEneae;
618 1285 719 1352 quem
731 1263 820 1327 fulva
832 1263 937 1329 leonis
1043 1287 1045 1292 ’

158 1369 255 1434 Pellis
268 1369 339 1434 obit
350 1387 471 1451 totum,
484 1371 684 1460 praefulgens
696 1370 862 1459 unguibus
874 1375 992 1438 aureis.

203 1477 304 1540 Fama
315 1476 404 1542 volat
415 1500 550 1566 parvam
562 1476 671 1542 subito
683 1476 811 1565 volgata
822 1500 884 1566 per
895 1477 1026 1559 urbem,

159 1663 284 1730 iffeiptou,
295 1667 402 1732 impuros,
414 1672 517 1728 eximite,
527 1672 633 1734 adeoque
642 1665 737 1716 cottias.
747 1671 778 1716 cf.
790 1670 820 1718 ad
829 1672 869 1728 tv,
881 1673 917 1734 57.
928 1671 972 1726 vl,
981 1671 1019 1732 39.
1027 1696 1058 1707 -
1066 1672 1118 1728 545.
1128 1675 1207 1720 Euon-

160 1739 201 1784 tlcr
211 1739 252 1786 alii
263 1741 320 1787 eth.
333 1741 349 1787 l.
358 1769 391 1779 -
403 1741 455 1806 547.
466 1753 592 1806 sequuntur
601 1744 682 1788 Praue.
692 1752 815 1806 sequentur
825 1743 884 1788 alter
893 1743 975 1788 Hamb.
985 1769 1017 1779 -
1026 1743 1078 1799 548.
1090 1745 1211 1792 Ριιεειαηιί

159 1824 196 1870 pr.
210 1809 320 1856 llottend.
331 1827 383 1856 am.
394 1829 430 1876 pr.
441 1812 566 1859 Pmstonte
576 1811 646 1858 Goth.
657 1824 711 1857 tert.
723 1837 754 1848 -
765 1813 818 1858 550.
831 1817 936 1876 rcqm'que
947 1811 1007 1858 alter
1018 1814 1100 1860 llamh.
1111 1841 1142 1852 -
1155 1817 1207 1862 551.

163 1882 189 1922 T.
201 1896 224 1942 p.
237 1897 303 1926 armo
314 1882 373 1928 Vcn.
382 1908 413 1919 -
421 1885 473 1930 552.
484 1894 595 1930 exsortem
603 1882 640 1928 uel
648 1885 756 1946 inqeutem
767 1882 857 1930 zulich.
865 1908 896 1920 -
904 1882 956 1940 554.
964 1900 1133 1948 parvos—per
1144 1885 1209 1932 urbes

197 2040 258 2108 546.
275 2041 345 2094 Nori
361 2061 376 2093 a
392 2042 470 2095 litore
484 2044 659 2108 Laurentino,
710 2045 779 2094 Nam
792 2044 942 2095 Caeretauos
953 2046 980 2094 in
992 2048 1085 2096 castris
1098 2047 1147 2098 sub
1158 2050 1211 2118 sig-

163 2139 240 2174 amne
247 2120 531 2188 adverso‚Pullsntium
537 2141 662 2194 pervene-
710 2124 751 2172 nis
758 2121 865 2173 habitos
874 2121 993 2174 aditurus
1003 2137 1076 2190 erat,
1085 2131 1211 2181 utstatim

162 2214 205 2254 rat
216 2203 312 2255 AEneas
320 2221 379 2274 sup.
388 2221 412 2253 v.
421 2219 456 2273 90
465 2223 470 2252 :
480 2221 550 2254 nuuc
559 2221 590 2255 es
599 2204 661 2254 navi
711 2199 888 2254 eosodrersus
896 2203 1055 2254 Mezentium
1061 2207 1212 2264 et‘Turnum

162 2295 268 2353 portem
280 2285 413 2334 sociorum
424 2282 511 2336 redire
530 2281 564 2334 ud
580 2283 663 2334 Asca-
711 2279 836 2342 ducerem
849 2297 930 2352 supro
940 2281 1005 2344 503;
1018 2285 1089 2336 conf.
1101 2287 1163 2338 Not.
1176 2288 1211 2340 ad

163 2363 238 2414 nium
254 2361 346 2430 juben
366 2360 449 2413 altero
463 2374 539 2432 porte
553 2361 605 2413 sibi
617 2359 663 2420 ad·
713 2361 773 2429 498.
784 2389 818 2398 -
827 2361 901 2425 lom,
913 2363 959 2430 qui
967 2362 1078 2414 secundo
1087 2367 1212 2418 omnide.

161 2445 269 2514 juncta,
289 2454 314 2494 et
334 2439 482 2494 Arcadibus
504 2441 661 2505 comitibus,
705 2439 788 2517 fluit,
801 2437 922 2492 defertur
938 2439 991 2492 illc.
1004 2469 1038 2480 -
1051 2444 1110 2513 549.
1127 2447 1212 2518 segnis

163 2535 236 2576 terra
251 2540 299 2593 per
316 2519 448 2572 Etruriam
462 2519 534 2572 Caere
547 2520 582 2571 ad
597 2521 664 2572 Tur·
715 2519 793 2570 asine
810 2520 941 2590 remigio»
963 2533 992 2570 ut
1014 2519 1082 2574 bene
1106 2522 1212 2576 Servius

165 2599 290 2653 clrontem
313 2597 324 2670 (
340 2597 506 2668 Tyrrhenum
529 2616 615 2670 regem
629 2599 639 2670 )
654 2637 664 2661 ,
712 2597 844 2670 explicat:
858 2616 940 2669 quum
952 2610 1031 2652 antea
1043 2600 1155 2654 adverso
1165 2601 1213 2655 flu·

164 2680 350 2752 proficiscitur.
363 2709 398 2718 -
410 2677 469 2748 547.
491 2680 540 2750 qui
560 2697 611 2730 sese
635 2679 664 2730 in
712 2679 783 2730 mine
793 2679 927 2730 venissent
938 2698 962 2729 v.
974 2671 1008 2747 94
1019 2680 1139 2754 Remiyio
1152 2702 1214 2736 noc-

166 2757 235 2810 tella
249 2769 400 2832 sequantur.
417 2758 511 2810 Paullo
525 2757 664 2810 obscurior
714 2767 817 2829 temque
839 2757 961 2830 diemque
976 2758 1105 2831 satiqont.
1131 2763 1213 2814 Addit

165 2837 424 2900 senteutia3usmsd
432 2837 594 2890 bellumnon
604 2857 665 2909 pro-
713 2835 784 2888 idem
805 2836 872 2900 alia,
895 2855 953 2906 quae
971 2849 1059 2890 tamen
1078 2841 1165 2892 minus
1184 2860 1225 2894 se·

165 2915 305 2982 ficiscitur,
322 2917 369 2968 sed
382 2915 416 2968 ad
428 2917 526 2968 auxilie
542 2929 568 2968 et
580 2919 667 2970 socie·
714 2915 839 2984 probunt.
850 2943 884 2952 -
896 2913 955 2967 550.
968 2915 1095 2978 Asconim·
1108 2938 1214 2972 reman-

166 3007 250 3046 tatem
280 2995 477 3046 Caerctonomm
506 2994 663 3064 perandum.
715 3005 785 3044 serat
802 2995 824 3044 is
843 2993 917 3064 apud
932 2992 1062 3063 Trojanos
1079 2998 1212 3052 incastris

164 3071 664 3143 Serviusmultisallatisniltilexpetlit.
715 3071 765 3121 sub
787 3069 889 3122 'l’iberis
913 3073 990 3122 ostia.
1013 3074 1047 3123 cl.
1071 3093 1129 3146 sup.
1149 3078 1215 3144 vll,

163 3151 317 3206 Dicendum
334 3153 418 3215 forts,
437 3163 544 3222 poetam
556 3152 665 3201 omnino
719 3149 776 3212 rso,
787 3149 845 3217 ¹⁵9·
855 3149 993 3201 Decorum
1002 3155 1214 3224 autemsdventu

163 3235 240 3286 viros
264 3233 348 3284 fortes
372 3229 508 3282 declarare
537 3228 666 3296 soluisse,
714 3227 1045 3300 incastrisnihilsmplius
1058 3239 1215 3288 memorarit

165 3329 282 3384 quorum
295 3311 363 3363 odeo
381 3307 409 3360 id
428 3309 567 3380 proprium
579 3321 666 3370 esset,
714 3319 809 3378 poeta,
829 3325 878 3358 nec
899 3308 988 3359 facere
1009 3309 1037 3360 id
1058 3329 1125 3381 opus
1147 3330 1212 3367 erut.

166 3405 197 3444 ut
213 3393 300 3445 Enete
316 3390 385 3442 latus
396 3400 516 3461 tegerent
533 3390 559 3438 in
574 3387 668 3439 discri-
716 3387 786 3437 conl.
801 3385 834 3437 sd
847 3387 884 3451 X,
899 3387 1063 3442 atu-552.
1077 3404 1212 3459 eoseum,

167 3470 336 3525 mirebelli:
354 3471 422 3522 sicut
440 3481 467 3522 et
484 3469 555 3520 infra
570 3469 667 3520 iterum
715 3465 1215 3543 eximium,ifclpmor.ddduciturequus

167 3570 194 3604 v.
209 3550 275 3616 606,
289 3547 393 3600 estella
402 3547 469 3600 lecto
477 3551 607 3618 juventus.
624 3549 666 3598 Au
715 3545 803 3594 AEneae
815 3545 972 3614 precipuus.
1018 3561 1020 3568 ’

170 3627 239 3682 tetta
250 3645 300 3698 pro
313 3629 405 3680 castris
420 3626 453 3678 ad
463 3621 552 3678 llere?
564 3645 597 3678 sn
610 3645 667 3678 ms·
751 3625 803 3692 554
826 3643 884 3696 sqq.
909 3627 969 3677 Non
986 3627 1057 3678 mole
1077 3635 1215 3700 sequentia

167 3712 208 3781 gis
224 3719 445 3770 consentaneum,
467 3717 494 3756 et
510 3707 536 3755 in
556 3704 607 3756 hoc
624 3725 668 3758 ac·
716 3703 750 3757 ad
763 3721 887 3757 sensuum
900 3719 926 3756 et
936 3705 1082 3758 affectuum
1090 3724 1214 3764 naturam

170 3790 306 3861 quiescam
320 3823 328 3850 ,
350 3785 439 3838 dicere
454 3823 462 3850 ‚
485 3797 592 3856 poetam
616 3803 667 3838 res·
715 3787 743 3836 in
756 3785 802 3836 tali
812 3803 900 3835 rerum
911 3783 1023 3836 articulo
1037 3785 1125 3839 efficta
1138 3803 1163 3842 et
1173 3809 1215 3843 ex·

169 3863 457 3942 petisseodid,quod
469 3867 589 3916 futurum
600 3879 667 3934 erut,
714 3865 824 3936 posits:
848 3865 964 3915 Mutrum
988 3865 1078 3926 timor;
1099 3867 1215 3923 Evandri

170 3961 201 3999 ut
210 3949 246 4012 ii,
264 3965 317 3998 uns
335 3963 396 3998 cum
412 3945 541 4009 Etruscis,
554 3944 667 3996 naribus
716 3945 786 3996 senis
798 3953 860 3993 rota
870 3961 901 3994 ac
916 3961 1021 4012 precem
1036 3957 1106 3997 totus
1120 3947 1215 4002 disces·

169 4029 249 4092 vecti,
257 4026 291 4078 sd
299 4024 474 4078 ostiaTiheris
482 4042 599 4096 pugnam
607 4041 669 4076 cum
717 4040 769 4075 sus.
791 4024 849 4073 Vos.
871 4021 923 4075 560
939 4041 997 4094 sqq.
1016 4043 1046 4076 es
1068 4027 1214 4082 Homericis

169 4107 262 4162 Turno
275 4107 410 4160 facerent?
421 4105 468 4158 iul.
485 4105 523 4171 X,
542 4104 593 4158 roo
606 4121 666 4175 sqq.
718 4115 778 4154 sunt
790 4101 952 4168 adumbrati,
963 4104 1081 4156 Nestoris
1094 4109 1214 4163 orations

1006 4210 1071 4294 αἱς..
