2968 4696
275 461 337 530 292
521 437 555 502 r.
578 431 809 496 vincturi
831 427 1063 499 aaronis

271 563 378 646 Quam
389 558 477 624 Juno
489 555 541 622 hie
553 557 642 621 acuit
652 555 776 634 verbis,
791 578 830 621 ac
841 555 917 622 talia
929 558 1035 621 fatur:
1215 573 1218 580 ·
1270 569 1319 620 330

276 696 290 726 tt
303 668 400 731 Hunc
411 663 493 728 mihi
506 661 547 727 da
559 662 745 751 proprium,
758 661 851 748 virgo
864 678 931 728 sata
943 663 1062 743 Nocte,
1075 662 1237 744 laborem,

273 773 368 837 Hanc
380 790 529 858 operam,
542 790 584 831 ne
596 783 710 832 noster
720 766 827 831 honos
840 767 1019 832 infractave
1030 767 1126 834 cedat

272 879 371 942 Fama
383 874 471 953 loco,
485 895 550 937 neu
563 871 737 940 connubiis
748 870 873 936 ambire
886 873 1041 936 Latinum

274 979 426 1048 AEneadae
437 979 579 1069 possint,
594 976 733 1042 Italosve
746 975 898 1041 obsidere
910 977 996 1042 finis.

271 1089 326 1152 Tu
337 1102 432 1176 potes
444 1086 617 1150 unanimos
628 1105 755 1147 armare
766 1083 801 1146 iu
813 1082 925 1172 praelia
938 1083 1068 1162 fratres,
1269 1097 1314 1145 335

271 1197 379 1282 Atque
394 1191 478 1256 odiis
490 1210 620 1254 versare
636 1187 769 1269 domoc,
781 1204 819 1253 tu
829 1187 967 1254 verbera
979 1189 1072 1253 tectis

273 1304 505 1388 Funereasque
517 1297 640 1360 inferre
653 1295 755 1378 faces,
768 1295 830 1360 tibi
841 1297 976 1360 nomina
987 1295 1092 1376 mille,

272 1405 365 1471 Mille
377 1401 520 1469 nocendi
532 1419 635 1466 artes:
648 1398 830 1466 fecundum
841 1417 981 1466 concute
993 1417 1122 1488 pectus,

271 1513 394 1603 Disjice
406 1510 610 1598 conpositam
622 1529 753 1595 pacem,
766 1528 839 1572 sere
851 1509 987 1573 crimina
998 1507 1094 1588 belli;

304 1715 357 1762 330.
372 1713 405 1758 tu's
418 1728 440 1758 o.
459 1713 524 1758 dictis
537 1709 627 1774 aliquot
642 1713 703 1757 Pler.
717 1713 793 1773 Sprot.
808 1709 850 1756 to.
867 1711 924 1759 Veu.
939 1709 1009 1757 Goth.
1022 1706 1111 1757 'tec-
1120 1709 1172 1757 331.
1184 1711 1252 1758 Notae
1263 1712 1313 1759 dno

272 1788 352 1834 licina.
368 1783 470 1830 laborum
486 1785 563 1838 Rom„
577 1781 642 1845 quod
656 1782 740 1828 durum
754 1782 814 1828 foret
828 1797 833 1827 :
847 1779 906 1828 lonc
920 1781 1028 1830 lahomor.
1038 1807 1070 1819 -
1081 1781 1135 1829 333.
1153 1798 1198 1828 non
1214 1797 1235 1829 c.
1254 1785 1316 1831 Van.

272 1853 381 1918 comtubJ's
392 1853 583 1915 pronuntiatum
596 1863 623 1898 ut
636 1849 699 1897 alibi.
709 1875 741 1887 -
752 1849 805 1907 334.
816 1860 906 1914 portent
919 1850 1018 1908 Medic,
1032 1863 1081 1896 tum
1094 1865 1122 1896 ne
1138 1863 1215 1915 etque
1229 1850 1316 1913 legitur

271 1939 316 1987 pro
329 1937 364 1967 ve.
376 1946 407 1958 -
416 1920 469 1966 335.
482 1923 598 1965 unanimes
609 1931 662 1967 onte
672 1921 752 1966 Heius.
769 1919 890 1982 legebatur
901 1937 954 1966 cum
966 1933 1031 1982 parte
1043 1919 1126 1976 codd.‚
1138 1936 1190 1983 quae
1199 1919 1317 1984 vulgarior

273 1994 347 2040 forma
359 2005 402 2038 ett.
417 1990 478 2037 conf.
491 2005 543 2052 tup.
558 1991 599 2046 lv,
611 1987 633 2035 Β.
643 2013 675 2025 -
689 1989 741 2052 339.
756 1990 837 2036 dr'sa'co
850 1989 921 2052 vulgo
931 2005 1012 2036 omnet
1023 1987 1107 2044 codd.,
1124 2005 1151 2035 er
1167 2004 1246 2046 more;
1259 2005 1316 2052 pro-

272 2065 427 2111 nuntiationis
443 2075 520 2108 tamen
536 2064 609 2124 magio
625 2063 696 2116 titio,
712 2061 825 2118 arbitror,
837 2077 906 2126 quam
926 2061 1036 2107 doctrina
1054 2060 1194 2117 subtilitate,
1209 2077 1236 2107 ac
1250 2063 1270 2108 ti
1284 2063 1316 2108 tit

273 2136 377 2182 disttwe
385 2151 429 2198 pro
439 2134 569 2188 ὥκρατος
580 2145 605 2178 ιιι
616 2133 660 2178 viri
670 2132 733 2178 docti
742 2132 786 2178 tibi
798 2131 940 2194 persuadent
950 2131 1014 2194 opud
1024 2129 1102 2177 Guell.
1114 2144 1139 2178 et
1147 2130 1253 2178 Cardena.

307 2307 467 2374 tto-340.
481 2307 571 2372 acuit,
581 2326 640 2360 cnm
655 2306 767 2373 dilectu,
817 2309 974 2374 consistere,
983 2306 1130 2360 considere.
1143 2304 1247 2359 -336,
1259 2323 1318 2357 oer-

272 2405 321 2460 pro
351 2387 515 2456 alloquitur,
539 2382 678 2439 hortatur:
697 2389 768 2458 oirqo
815 2404 871 2438 tate
891 2386 969 2441 riolos.
994 2387 1072 2440 Nunc
1099 2399 1138 2438 ert
1163 2387 1316 2458 exagitare,

270 2477 326 2521 sata
341 2464 425 2515 Nocte
445 2463 515 2513 conl.
528 2464 580 2528 Vl,
595 2465 653 2517 250.
673 2465 769 2516 Eume·
817 2486 919 2519 vexare.
933 2469 1015 2518 Porro
1027 2489 1034 2519 ι
1047 2481 1077 2520 tu
1094 2468 1122 2518 in
1138 2467 1202 2536 ipsis
1218 2465 1315 2518 tedium

272 2544 347 2596 nidos
360 2541 396 2594 itt
411 2538 543 2608 παρθένους
555 2559 629 2606 este,
639 2555 705 2594 nota
715 2559 766 2594 ret.
816 2546 999 2618 penetralibus
1016 2545 1104 2618 flagris
1116 2558 1142 2598 et
1153 2544 1257 2597 facibut
1276 2547 1316 2597 in·

271 2625 306 2674 cf.
319 2620 346 2673 h.
357 2620 376 2671 Ι.
389 2619 474 2672 Guell.
487 2619 568 2670 Hunc
581 2618 650 2671 mihi
663 2621 696 2670 da
707 2637 769 2690 pro·
817 2627 935 2696 sequeris
954 2626 1106 2678 sceleratos.
1125 2626 1183 2676 Hoc
1200 2637 1254 2689 est,
1272 2624 1316 2676 ἰη-

269 2701 377 2773 priom3
404 2715 453 2767 pro
477 2697 581 2768 vulgari
602 2719 608 2747 r
634 2698 768 2770 sinqttlare
810 2703 885 2774 ferre
905 2704 1008 2755 verbera
1026 2703 1093 2774 (pro
1109 2703 1195 2774 flagris
1219 2723 1317 2775 perpe-

271 2779 323 2830 hoc
335 2777 400 2828 mihi
411 2790 524 2847 prtetta,
536 2794 595 2827 mea
614 2777 699 2848 gratia
711 2794 768 2828 aut·
816 2793 891 2832 tuum
908 2783 1009 2852 poetis,
1022 2785 1101 2834 etiam
1117 2782 1150 2834 de
1166 2784 1268 2848 Furiis,
1284 2795 1316 2836 ut

272 2859 340 2929 cipe.
360 2854 431 2908 Male
451 2853 523 2906 Serv.
545 2855 629 2907 aliter.
652 2855 768 2924 infracta
816 2873 842 2913 et
853 2862 900 2912 inf.
915 2861 961 2929 451
973 2860 984 2933 )
996 2871 1022 2913 et
1034 2861 1109 2932 socer
1127 2863 1217 2914 tectis:
1231 2881 1315 2934 qnan-

271 2937 348 2990 cedat
358 2935 574 3000 loco,cumulate
584 2953 633 3005 pro
644 2935 770 3006 infringo·
818 2939 962 3011 doquidem
983 2941 1064 2993 semel
1084 2943 1111 2992 in
1131 2959 1208 2992 usum
1225 2943 1315 3008 venit,

272 3031 338 3082 tur,
359 3014 559 3080 labefactetur,
583 3012 767 3078 convellatur5
818 3019 947 3070 scelerum
976 3023 1177 3072 commissorum
1199 3034 1315 3074 terrores

271 3098 376 3168 hocque
396 3094 530 3166 vulgarius
550 3093 668 3160 diceres,
681 3095 768 3144 immi·
818 3111 844 3150 et
856 3100 1024 3149 conscientia
1034 3099 1155 3151 stimulos
1167 3117 1215 3170 per
1226 3101 1317 3152 Furia-

272 3190 378 3229 rtuatur.
391 3204 422 3215 -·
434 3173 494 3226 333.
515 3173 650 3225 connubiis
669 3173 769 3225 ambire
817 3195 876 3229 rum
887 3177 959 3228 faceo
973 3190 1000 3228 et
1011 3175 1093 3250 flagra
1109 3177 1253 3230 declarare.
1267 3180 1316 3231 riti

224 3293 225 3298 ,
271 3257 415 3320 Latinum,
437 3254 533 3319 docte,
554 3254 711 3305 translatum
734 3253 769 3306 ad
817 3255 928 3309 nomina
940 3253 1025 3320 mille,
1033 3254 1187 3320 πολυόινμος.
1198 3257 1315 3310 Deorum

272 3332 491 3405 socerum,quod
499 3332 594 3404 puellae
605 3331 767 3384 debebatur:
817 3346 982 3406 potestates,
1006 3338 1073 3387 vires
1090 3373 1099 3396 ,
1119 3338 1314 3406 proprietates,

271 3415 342 3468 Nara
358 3409 769 3484 ambire‘puellam,conju5irtm
817 3415 913 3479 facta,
945 3432 1003 3486 per·
1022 3413 1130 3464 nomino
1159 3414 1314 3482 declarari,

268 3491 384 3566 puelle,
408 3493 518 3563 propria
541 3505 618 3553 eunt,
643 3489 768 3556 doctius,
817 3511 889 3546 nnnc
906 3505 970 3544 nota
991 3509 1033 3545 res
1054 3505 1102 3544 est.
1117 3521 1153 3532 -
1170 3494 1230 3564 339.
1255 3495 1315 3548 Dis·

271 3572 370 3624 ambire
388 3567 508 3641 puellam
528 3569 676 3629 connubior
697 3587 768 3621 nunc
815 3571 894 3646 ficere
919 3572 1036 3638 fortius,
1065 3589 1145 3642 quarn
1168 3572 1316 3644 dirimere,

271 3653 358 3722 ipsum
369 3659 471 3721 patrem
482 3646 586 3719 puello.
597 3647 723 3712 Prohibe,
734 3667 768 3701 ne
817 3665 955 3722 rumpere;
968 3663 995 3702 et
1009 3650 1138 3716 crimino,
1149 3669 1228 3723 qnam
1238 3672 1316 3706 caua-

272 3732 368 3784 AEneao
381 3729 548 3780 matrimonio
555 3729 683 3798 jungatur
692 3728 768 3780 Lavi·
817 3749 860 3782 ra.
881 3731 914 3780 Et
936 3728 1026 3801 paullo
1056 3741 1116 3782 ante
1138 3742 1246 3783 concute
1273 3743 1314 3798 te,

272 3811 331 3860 uiae.
351 3807 472 3858 Alienon
490 3809 618 3858 sermonis
637 3809 715 3878 genio
727 3809 768 3859 vi·
817 3809 890 3873 fere,
904 3820 934 3859 ut
949 3807 1021 3879 apud
1033 3807 1168 3880 Arittopb.
1182 3809 1252 3860 Nob.
1264 3827 1312 3880 7⁰¹

272 3887 351 3939 detur
369 3887 541 3954 interpretum
564 3885 609 3937 illa
633 3888 717 3954 ratio,
738 3899 768 3939 ttt
818 3885 903 3940 naim
919 3885 1001 3956 epiro
1016 3906 1042 3939 ot
1058 3884 1143 3940 courir
1159 3887 1255 3956 Στρᾶβυ
1267 3909 1315 3940 tro-

271 3963 371 4018 ambire
392 3964 426 4014 'ait
449 3964 647 4016 circumvenire.
670 3975 773 4018 venere
818 3965 914 4024 adeor.
933 3969 1048 4020 Ductum
1072 3967 1106 4020 ab
1127 3985 1160 4019 eo
1187 3967 1323 4038 loquendi

272 4041 768 4115 aliterhoolocodictumquerutupll,
818 4063 877 4108 uto,
886 4065 968 4117 quam
980 4059 1109 4112 versatur,
1124 4047 1248 4117 agitatur,
1260 4046 1314 4096 ani·

271 4126 316 4180 62.
331 4119 412 4177 Italos
423 4117 491 4193 finer
504 4120 618 4176 obsidere
627 4159 636 4188 ,
651 4125 769 4178 initalia
817 4143 875 4180 mut
898 4139 925 4180 et
950 4127 1084 4199 cogitatio.
1107 4127 1170 4180 Non
1194 4123 1313 4180 nbunile
