2956 4680
470 398 537 460 an
559 393 760 460 uranum
782 396 893 459 rur.
1136 407 1198 491 477

164 519 232 575 abus
249 521 441 594 Syracusanus,
461 531 486 572 ct
498 517 665 591 Thucydides
678 518 834 589 (Polybium
855 533 961 588 quoque
981 519 1053 572 inea
1072 529 1204 580 sententia

164 603 249 654 fuisse
265 614 375 672 apparet
394 619 425 652 ex
442 601 487 663 iis,
508 617 566 670 quae
583 599 616 649 de
635 600 725 650 Locris
738 613 829 650 narrat
840 599 960 668 Excerpt.
974 599 1019 652 lib.
1032 603 1094 667 Xll,
1108 607 1138 656 Τ.
1152 611 1203 673 lll,

164 700 194 751 p.
207 681 289 752 328),
301 684 327 733 in
341 695 456 732 extrema
467 680 544 732 ltalia
560 678 662 732 Siculos
682 680 763 731 fuisse
782 680 872 743 sistat,
892 680 938 749 qui
955 679 1046 750 Opicis
1065 689 1203 750 cesserint;

166 780 218 831 pro
237 759 330 812 Siculis
341 761 386 812 alii
398 759 509 812 laudant
522 759 641 832 Elymas,
656 759 793 823 Ausones,
808 758 848 810 rel
868 761 991 830 Ligurcs3
1004 760 1049 812 alii
1069 781 1100 814 ex
1119 767 1206 820 medin

165 842 245 893 ltalia
259 844 419 894 arcessirere
431 840 545 902 Siculos;
564 859 594 891 ex
611 842 664 890 suis
683 840 790 891 sedibus
804 839 837 890 ab
851 839 1038 910 Aboriginibus
1051 855 1076 893 et
1091 845 1205 917 Pelasgis

167 919 335 983 exturbatos,
348 933 374 970 et
387 938 470 988 usque
483 919 516 970 ad
527 919 655 989 Rhegium
669 938 717 989 per
726 931 764 968 tot
776 919 904 970 barbaras
916 931 1006 990 gentes
1019 922 1152 975 erroribus
1163 945 1207 977 ac-

167 1009 218 1048 tos.
232 999 285 1049 rid.
299 1000 405 1050 Excurs.
422 999 456 1048 tv
473 997 507 1049 ad
526 997 572 1049 lib.
585 999 631 1048 Vll
651 1017 691 1067 pr.
713 998 814 1052 Vcterrs
831 997 937 1048 Sicanos
956 998 1024 1049 inter
1042 999 1169 1054 adductas
1190 1023 1206 1055 a

168 1077 260 1128 Turno
274 1082 364 1150 copias
376 1079 471 1130 recitat
481 1091 560 1148 poeta
574 1077 620 1129 lib.
634 1079 697 1143 Vll,
711 1076 775 1146 795,
789 1077 909 1147 adeoque
922 1078 1047 1147 reliquias
1059 1078 1208 1135 Siculorum

169 1157 255 1227 (quos
267 1157 377 1210 Sicanos
388 1157 524 1229 appellat)
534 1158 692 1224 etiamnum,
706 1157 792 1207 AEneae
807 1169 896 1220 atate,
914 1159 942 1208 in
958 1157 1033 1209 ltalia
1047 1164 1208 1230 superfuisse

171 1257 278 1290 necesse
292 1252 339 1291 cst.
354 1240 439 1290 Licuit
455 1251 540 1310 poeta·
553 1239 589 1288 ita
603 1239 721 1307 opinari3
735 1238 783 1288 etsi
796 1239 1037 1307 antiquissimorum
1050 1243 1209 1312 scriptorum

171 1319 330 1369 auctoritate
343 1317 415 1387 aputl
430 1317 584 1388 Dionysium
597 1316 666 1366 binis
680 1319 787 1366 trinisve
802 1328 864 1367 ante
876 1315 974 1367 bellum
989 1319 1132 1387 Trojanum
1145 1335 1209 1374 aeta-

172 1395 243 1446 tibus
261 1409 317 1448 tota
329 1397 405 1448 ltalia
418 1399 527 1448 cessisse
540 1409 681 1447 narrantur
696 1395 785 1446 Siculi.
798 1396 832 1445 At
845 1395 910 1446 illud
924 1397 1033 1448 alterum
1047 1402 1129 1470 magis
1146 1421 1210 1471 pro-

171 1474 296 1528 babiliter
308 1479 420 1542 factum,
435 1477 508 1548 quod
520 1477 569 1541 Xl,
583 1476 635 1527 316
643 1505 673 1516 -
687 1477 739 1544 3¹9
749 1493 840 1546 agrum
852 1476 972 1526 Latinum
983 1477 1016 1528 ad
1024 1479 1139 1530 Tiberim
1142 1479 1211 1553 finis

170 1573 249 1625 super
260 1576 339 1629 usqroe
353 1560 473 1622 Sicanos,
486 1556 514 1608 b.
527 1573 612 1626 usque
627 1555 660 1607 ad
673 1555 819 1606 Siculorum
829 1555 957 1621 confinia,
970 1559 1001 1608 ab
1014 1558 1145 1612 Auruncis
1156 1563 1210 1618 llu-

174 1633 288 1706 tulisqne
300 1637 352 1687 coli
365 1639 409 1688 ait.
423 1639 568 1690 Potuerunt
580 1638 649 1687 enim
663 1634 726 1686 lines
739 1635 885 1686 Siculorum
899 1637 976 1690 etiam
990 1637 1020 1687 iis
1034 1639 1147 1708 expulsis
1160 1659 1213 1692 me-

172 1716 258 1766 moria
270 1715 407 1768 bominum
424 1719 597 1786 frequentari.
611 1715 742 1786 Disjungit
756 1732 836 1785 porro
851 1727 931 1784 poeta
943 1715 1057 1768 Ausones
1070 1719 1103 1769 ab
1114 1719 1212 1770 Abori·

170 1792 291 1864 pinibus,
309 1794 335 1845 h.
354 1795 388 1847 ab
404 1797 435 1846 iis
452 1795 604 1846 bominibus
623 1795 686 1846 feris
706 1805 732 1844 et
751 1793 928 1852 silvestribus,
949 1794 994 1862 qui
1012 1797 1091 1864 primi
1108 1797 1212 1848 ltaliam

173 1871 321 1925 coluerunt.
335 1874 450 1926 Seriores
463 1875 547 1938 enim,
560 1886 587 1924 et
599 1890 679 1924 aurea
688 1875 742 1942 jam
754 1884 829 1923 aetate
841 1871 1007 1940 Saturnoque
1019 1891 1080 1944 rege
1093 1875 1208 1940 sublato,

174 1969 220 2003 eos
235 1953 336 2005 ltaliam
346 1956 477 2025 ingressos
490 1952 555 2004 dicit
571 1972 596 2002 r.
612 1952 663 2005 328
678 1953 745 2002 Tum
760 1969 853 2002 manns
864 1951 989 2002 Aroania.
1004 1953 1090 2003 Potuit
1105 1967 1131 2006 et
1143 1955 1212 2021 boc,

175 2043 301 2103 tanquam
313 2047 407 2104 poeta,
419 2052 534 2103 ponere,
547 2034 624 2084 etiam
639 2050 697 2082 cum
708 2033 811 2081 ratione
822 2031 920 2100 aliqua.
931 2031 986 2080 Etsi
999 2033 1067 2082 enim
1079 2039 1213 2088 communi

175 2110 257 2179 stirpe
266 2110 454 2180 procederent,
464 2123 491 2162 et
502 2123 576 2161 vetus
584 2109 650 2160 illud
663 2111 779 2159 ferorum
787 2107 923 2158 bominum
932 2126 1014 2177 genus
1022 2122 1046 2160 et
1056 2110 1112 2160 alia
1122 2127 1213 2182 gentes

175 2185 313 2254 Ausonia,
337 2201 424 2240 tamen
443 2191 497 2241 suis
517 2187 668 2238 nominibus
687 2186 805 2237 discrete
825 2199 912 2246 crant;
933 2185 1053 2256 adeoque
1073 2191 1161 2241 mitius
1183 2211 1213 2243 ac

176 2271 338 2320 mansuetius
348 2287 430 2340 genus
441 2287 488 2340 per
500 2269 645 2318 Ausonium
655 2285 752 2318 nomen
763 2265 899 2317 declarare
912 2264 993 2316 licuit.
1004 2267 1155 2320 Domestica
1168 2289 1215 2322 au-

178 2359 229 2398 tem
242 2349 323 2400 fuisse
336 2363 361 2402 et
374 2350 463 2402 civilia
475 2348 546 2400 bella
557 2351 625 2400 inter
636 2348 722 2399 varias
735 2359 826 2418 gentes
842 2347 964 2396 Ausonia
976 2347 1078 2416 stirpis,
1094 2348 1216 2420 adeoque

178 2430 256 2480 etiam
276 2430 432 2502 Aborigines
452 2429 523 2481 bello
543 2441 650 2480 vexatos
667 2445 724 2480 esse
739 2446 754 2478 a
769 2427 863 2477 ceteris
880 2426 986 2497 populis
1003 2431 1135 2480 communi
1154 2449 1215 2482 cum

178 2508 270 2561 iisdem
283 2531 379 2582 genere
392 2513 470 2573 ortis,
486 2513 549 2562 satis
562 2509 701 2580 probabile
712 2508 825 2560 ridetur.

213 2587 332 2640 Tandem
351 2603 431 2659 poeta
451 2589 580 2658 subjicit:
604 2586 702 2657 Soepins
721 2597 746 2636 et
766 2603 860 2637 nomen
880 2586 968 2655 posuit
986 2586 1111 2638 Saturnia
1130 2587 1214 2640 tellus.

179 2670 259 2740 Attigi
274 2669 331 2721 hac
344 2673 395 2738 jam
410 2689 492 2741 supra
511 2671 571 2722 Exc.
593 2671 670 2735 Xlll,
687 2666 720 2718 ad
741 2667 786 2718 lib.
805 2667 825 2717 l.
845 2666 1011 2718 Declaranda
1032 2686 1102 2720 nunc
1121 2687 1161 2721 res
1179 2683 1219 2721 est

180 2747 270 2818 paullo
283 2748 407 2813 uberius,
420 2763 445 2800 et
457 2748 616 2814 ridendum,
629 2766 662 2799 an
676 2760 748 2798 certa
760 2748 811 2797 sint
823 2747 970 2816 principia,
985 2763 1083 2797 caussae
1097 2767 1128 2798 ac
1140 2751 1218 2800 ratio·

180 2843 240 2890 nes,
256 2826 290 2878 ad
301 2846 366 2898 quas
379 2831 497 2881 revocari
510 2832 601 2899 possit.
616 2829 697 2878 Varia
711 2829 802 2896 atique
815 2827 896 2878 ltaliae
908 2827 1015 2877 nomina
1029 2827 1126 2878 tradita
1138 2843 1216 2892 sunt;

181 2905 203 2954 si
222 2916 310 2956 tamen
327 2925 382 2957 rem
401 2908 492 2977 paullo
505 2908 654 2958 accuratius
668 2907 810 2975 inspicias,
831 2923 925 2975 parum
940 2903 1077 2954 subtiliter.
1100 2905 1216 2958 Omnino

182 2982 339 3034 frustraboc
347 2998 526 3054 exspectatur,
540 2998 568 3036 ut
581 2987 670 3054 magni
683 2997 811 3035 terrarum
823 2995 921 3034 tractus
932 2981 981 3032 sub
991 2986 1158 3037 unonomine
1172 3005 1215 3038 rc-

182 3063 272 3124 niant,
287 3075 427 3131 antequam
438 3063 487 3114 sub
500 3081 666 3114 communem
680 3064 783 3132 imperii
797 3081 827 3112 ac
840 3062 914 3132 regni
923 3079 1079 3132 compagem
1088 3067 1217 3115 venerint.

183 3139 262 3192 Orbis
274 3158 337 3192 vcro
348 3153 476 3192 terrarum
485 3155 572 3211 partes
582 3142 688 3192 nomine
697 3142 807 3211 proprio
816 3141 948 3211 designari
957 3141 997 3190 rix
1006 3153 1147 3209 potuerunt
1158 3159 1220 3196 ante

184 3217 403 3289 Gangrapborum
416 3219 511 3270 studia.
528 3221 620 3270 Primis
638 3219 815 3290 temporibus,
828 3233 857 3268 ut
869 3237 978 3289 quaeque
991 3237 1054 3288 gens
1066 3240 1114 3291 per
1127 3225 1221 3293 stirpes

186 3311 230 3350 aut
244 3317 291 3368 per
303 3299 416 3350 familias
429 3297 505 3350 sedes
521 3298 573 3350 sibi
590 3301 713 3368 proprias
733 3299 859 3368 cepisset,
876 3301 912 3350 ita
926 3299 1087 3368 singularum
1101 3303 1222 3371 stirpium

187 3392 231 3432 aut
241 3378 402 3430 familiarum
414 3381 523 3430 nomina
533 3379 785 3448 frequentabantur,
797 3396 883 3448 neque
895 3397 984 3430 aarum
995 3379 1021 3427 in
1032 3397 1113 3429 unum
1126 3381 1222 3432 collec-

186 3471 286 3521 tarum,
306 3470 352 3508 aut
370 3460 517 3509 communis
530 3460 633 3526 stirpis,
647 3456 716 3508 sedis
729 3477 760 3508 ac
772 3457 838 3520 loci,
851 3475 946 3508 norrren
959 3457 987 3506 in
1000 3459 1121 3508 notitiam
1132 3462 1224 3512 venire

187 3540 287 3610 potuit,
301 3541 350 3589 nisi
370 3539 441 3609 apurl
459 3539 525 3600 alios
543 3537 677 3600 homines,
692 3540 737 3607 qui
750 3555 833 3588 novos
846 3537 959 3588 advenas
971 3551 1042 3588 certo
1055 3540 1161 3591 nornine
1173 3540 1222 3592 dc-

187 3619 288 3671 clarare
299 3618 405 3671 vellent.
419 3621 479 3669 Non
492 3621 571 3690 igitur
584 3621 633 3669 nisi
646 3621 802 3670 necessitate
812 3617 935 3682 suborta,
947 3630 977 3668 ut
986 3617 1052 3670 alter
1063 3620 1177 3689 populus
1188 3621 1222 3671 ab

189 3697 271 3750 altero
284 3697 399 3750 ‹liscemi
411 3711 515 3768 posset,
528 3700 636 3749 nomina
652 3699 775 3769 generice
787 3709 892 3766 reperta
904 3713 960 3747 esse
972 3697 1112 3766 probabile
1124 3697 1159 3748 lit.
1173 3699 1224 3748 Lo-

189 3795 280 3828 corum
293 3789 381 3828 autem
394 3795 424 3828 ac
438 3789 566 3828 terrarum
579 3778 701 3840 nomina,
719 3795 772 3826 non
785 3777 835 3826 nisi
848 3775 881 3826 ab
894 3777 1002 3840 exteris,
1020 3776 1065 3845 qui
1079 3793 1123 3826 eas
1140 3789 1225 3828 terras

190 3855 302 3922 adeunt,
314 3868 360 3906 aut
373 3875 388 3908 a
400 3857 493 3907 viciuis
506 3855 626 3926 populis,
639 3858 665 3906 in
681 3873 794 3925 quorum
806 3853 902 3905 linibus
910 3853 1087 3905 consederunt
1100 3853 1223 3922 advene,

191 3935 289 4004 imponi
301 3935 395 3986 solent.
409 3935 524 3986 Nomina
541 3938 630 4005 itaque
649 3934 811 4006 populorum
827 3947 852 3985 et
865 3933 993 3984 terraruiu
1007 3951 1055 4004 per
1065 3937 1225 3999 cqmmercia

190 4013 326 4064 bominum
343 4027 430 4074 artum
442 4028 468 4065 et
480 4031 587 4065 caussas
605 4013 721 4074 babent;
741 4012 947 4076 autochthones,
964 4029 1010 4063 seu
1022 4013 1100 4082 primi
1112 4013 1224 4076 incola,

191 4095 297 4150 uomina
307 4095 349 4146 rix
361 4108 453 4148 creant
465 4108 510 4148 aut
523 4108 625 4148 curant.
637 4093 787 4150 Secundum
799 4094 855 4150 hee
865 4105 977 4151 uectum
986 4092 1061 4150 illum
1071 4091 1224 4162 abAlpibus
