3028 4682
473 350 709 416 AENEIDOS
734 351 887 414 LIBER
909 351 972 413 Vl.

204 475 393 542 Concordes
407 476 525 540 animae
538 497 640 553 nunc,
654 491 687 538 et
699 472 779 538 dum
793 490 889 538 nocte
902 491 1108 561 prementur,

205 585 281 647 Heu
294 597 453 671 quantum
467 581 553 644 inter
564 603 599 644 se
611 579 750 659 bellum,
764 581 792 644 si
804 579 929 644 lumina
940 581 1015 643 vitae

203 687 402 776 Adtigerint,
417 703 555 778 quantm
566 687 666 766 acies,
680 703 890 776 stragemque
903 685 1051 750 ciebunt!
1203 701 1247 746 ⁸30

203 793 386 883 Aggeribus
398 815 491 858 socer
506 794 644 882 Alpinis,
657 811 756 883 atque
769 816 843 858 arce
856 795 1001 858 Monoeci

203 900 432 980 Descendens;
444 909 547 988 gen'er
557 898 703 964 adversis
715 901 894 964 instructus
909 900 997 964 Eois.

203 1008 267 1086 Ne,
281 1007 390 1095 pueri,
404 1029 446 1070 ne
459 1023 549 1070 tenta
560 1007 677 1070 animis
689 1005 873 1071 adsuescite
885 1006 986 1087 bella3

203 1114 278 1177 Neu
290 1114 402 1201 patriae
416 1111 540 1178 validas
552 1114 586 1177 in
599 1114 724 1178 viscera
736 1113 854 1178 vertite
866 1114 967 1178 vires!

203 1221 325 1308 Tuque
336 1219 443 1307 prior,
459 1234 494 1282 tu
506 1241 619 1308 parce,
634 1241 737 1306 genus
751 1220 809 1309 qni
822 1218 914 1284 ducis
927 1219 1085 1308 Olymp03
1204 1229 1248 1274 835

1184 352 1245 418 203

233 1345 288 1395 828.
300 1357 323 1393 et
337 1362 398 1394 narie
409 1347 463 1392 άωη
475 1346 512 1394 ed.
525 1349 585 1394 Ven.
596 1357 727 1411 premantur
740 1365 753 1396 e
767 1349 827 1396 Pier.
841 1361 865 1394 et
882 1348 944 1394 binis
959 1349 1007 1394 suia
1025 1347 1133 1392 Heinsius
1153 1346 1250 1406 reecpit.

203 1419 301 1466 Accedit
319 1419 409 1466 Zalicb.
430 1419 509 1482 Vulgo
529 1429 676 1482 premam,
696 1420 761 1484 quod
782 1421 842 1466 bene
862 1432 953 1482 poterat
974 1418 1177 1466 tacuerunt-
1196 1416 1250 1475 829.

202 1492 279 1538 lr'miaa
290 1507 336 1538 tec.
349 1491 459 1537 llottcnd.
469 1491 536 1537 Witt.
549 1493 610 1548 Est,
622 1505 735 1554 perpetua
747 1493 866 1538 varietate.
876 1493 924 1538 vid.
937 1491 960 1538 b.
974 1490 989 1535 l.
1006 1491 1084 1536 lleint.
1098 1502 1121 1534 ct
1133 1490 1210 1532 Burin.
1224 1502 1250 1531 ac

200 1565 283 1611 Cerdo.
294 1565 341 1612 Sed
351 1565 375 1610 b.
387 1565 403 1610 Ι.
416 1563 500 1610 tamna
510 1567 578 1610 unice
588 1581 655 1620 veru
667 1581 721 1612 nam
734 1577 757 1610 et
766 1563 819 1626 plut
829 1564 949 1626 dignitatis
956 1566 1028 1627 epieae
1038 1565 1110 1616 inest,
1121 1573 1144 1606 et
1152 1572 1249 1623 praces-

202 1650 279 1683 serat:
294 1647 358 1684 nacte
370 1637 472 1683 dentata
488 1637 571 1682 anime
587 1649 640 1682 ante
658 1639 710 1682 vnae
722 1639 859 1698 ingressum.
875 1637 922 1682 Nec
936 1652 991 1682 vera
1004 1637 1128 1697 Pompeios
1138 1645 1160 1678 et
1176 1633 1252 1676 (iasar

200 1705 290 1753 bellum
301 1705 370 1752 civile
383 1719 506 1751 moverunt
517 1708 593 1752 statim
605 1705 647 1752 suli
659 1709 710 1752 vita
725 1709 860 1770 inpressam,
873 1706 938 1770 quod
950 1706 1064 1751 inferrent
1074 1707 1116 1750 ista
1127 1720 1132 1748 :
1144 1705 1165 1747 si
1174 1699 1251 1746 limina

202 1780 253 1822 vtae
268 1780 388 1842 attiqerint.
403 1803 434 1812 -
446 1777 499 1822 830.
517 1777 648 1840 Attipernnt
659 1778 728 1824 Goth.
749 1789 801 1824 tert.
821 1781 912 1842 quantis
930 1791 982 1824 tert.
1001 1775 1111 1834 llottend.
1122 1784 1252 1837 straqesque

203 1850 309 1911 quinque
317 1849 395 1894 llurm.
404 1873 435 1882 -
443 1847 496 1892 831.
508 1850 616 1903 Menoecr',
626 1851 733 1905 Menoeti,
742 1851 840 1904 Mousti,
849 1851 951 1906 Moneri,
961 1851 1066 1903 Mr'noeci,
1075 1847 1177 1900 Mona,
1185 1845 1255 1889 aber-

202 1930 255 1963 ratt.
268 1918 337 1964 codd.
357 1921 385 1964 At
400 1931 433 1964 est
444 1917 555 1964 Martiana
573 1919 648 1979 λιμὴν.
659 1945 690 1954 -
700 1919 753 1966 831.
768 1921 891 1966 Discedens
908 1921 989 1980 l’upet.
1002 1921 1086 1963 auersis
1102 1916 1186 1962 Medic.
1198 1931 1210 1960 a
1220 1929 1252 1958 m.

202 2005 238 2050 pr.
252 2002 275 2035 et
288 1989 367 2044 Leid.‚
376 1992 402 2034 in
414 2005 462 2052 quo
471 1991 562 2036 mireris
574 1991 694 2036 lleinsinnr
706 1993 780 2036 otium
792 1991 900 2054 perdere.
910 2017 941 2027 -
949 1991 1002 2038 833.
1014 1991 1123 2035 adnectite
1134 1989 1214 2049 Pnflet.
1222 2009 1254 2020 -

203 2059 257 2114 est.
273 2061 326 2105 Hert
338 2061 407 2106 Goth.
421 2077 470 2123 pn,
483 2073 506 2106 et
522 2059 633 2106 invalidas
646 2063 717 2107 idem.
731 2071 817 2107 vertere
833 2062 947 2109 Mentalb.

204 2155 275 2224 peio.
287 2155 395 2226 paribus
411 2157 507 2222 armis,
522 2171 615 2228 utpote
633 2171 705 2210 uter·
754 2177 770 2209 a
792 2171 878 2229 poete
902 2155 1030 2220 consilio,
1053 2168 1098 2206 aut
1119 2155 1254 2224 cogitare,

206 2253 258 2306 que
277 2237 427 2300 Romanus,
446 2248 474 2286 ut
493 2237 590 2308 Georg.
611 2238 637 2300 l,
653 2237 704 2302 488
754 2237 884 2290 Caesarem
903 2239 990 2310 ipsum
1011 2255 1059 2307 per
1074 2234 1131 2285 haec
1147 2233 1208 2284 loca
1227 2233 1254 2281 in

203 2315 312 2386 'taribus
332 2334 485 2368 concurrere
502 2315 559 2368 telis
570 2319 704 2370 hmanas
753 2317 858 2369 ltaliam
873 2314 1059 2379 descendisse,
1073 2328 1119 2365 aut
1133 2311 1168 2364 ad
1181 2310 1253 2362 redi-

203 2395 328 2447 viderunt
343 2387 467 2467 Philippi.
486 2397 518 2447 Et
530 2397 628 2450 Lucan.
643 2399 670 2461 l,
688 2415 703 2468 7
754 2411 809 2449 tum
821 2397 931 2450 Caesaris
951 2415 982 2448 ex
994 2396 1123 2468 Hispania
1141 2393 1198 2444 hac
1211 2411 1255 2444 re-

205 2476 357 2548 infestisqae
369 2477 442 2528 obvia
455 2477 535 2551 siquis
545 2479 625 2552 Sipna
634 2518 642 2544 ‚
652 2497 704 2550 pa-

204 2575 242 2608 res
254 2557 358 2630 aquilas
369 2569 393 2609 et
407 2557 466 2629 pila
483 2560 615 2610 minantia
630 2557 702 2632 pilis.

204 2649 279 2689 nocte
288 2677 296 2704 ,
311 2652 371 2690 ante
390 2640 537 2712 ingressum
555 2641 630 2704 ritae²
646 2657 703 2709 quse

204 2735 286 2788 supra
312 2717 359 2769 lux
382 2731 439 2770 erat
457 2737 482 2768 r.
508 2719 575 2787 761,
596 2732 622 2770 et
643 2735 704 2768 mox

203 2813 228 2846 v.
242 2797 293 2864 829
306 2794 408 2850 lumina
423 2798 533 2848 vitoe.-
543 2797 603 2849 831.
618 2797 704 2848 lulius

204 2875 293 2926 Caesar
309 2860 335 2926 in
351 2878 505 2948 Pompeium
525 2896 599 2928 arma
615 2896 706 2928 move-

204 2953 251 3004 bat
269 2973 284 3005 e
304 2955 406 3006 Galliis.
419 2955 474 3007 Etsi
492 2973 556 3008 vcro
574 2957 705 3008 Ravenna

205 3043 261 3082 tum
273 3033 433 3084 subsistebat
446 3053 506 3084 eum
518 3053 572 3104 una
584 3035 704 3106 legione,

204 3123 308 3177 tamen,
326 3131 408 3182 quum
432 3125 525 3165 cetera
540 3112 657 3184 legiones
675 3133 706 3166 ex

205 3189 325 3242 bibernis
335 3189 370 3260 (v.
382 3189 415 3241 de
427 3191 454 3240 B.
467 3190 523 3241 Civ.
534 3191 545 3240 l
552 3229 560 3255 ‚
571 3195 612 3264 7),
626 3193 707 3244 arlan-

206 3288 257 3340 que
273 3273 357 3342 major
369 3271 507 3341 copiarum
524 3290 586 3342 pars
598 3291 628 3324 ex
640 3273 705 3324 Gul-

203 3351 241 3403 liu
250 3351 429 3423 Transalpina
445 3363 514 3402 esset
527 3351 706 3418 arcessenda,

206 3442 320 3502 augusta
331 3449 419 3481 rerum
437 3431 524 3501 specie
543 3430 577 3482 ab
594 3431 706 3502 Alpibus

206 3507 368 3561 descendere
380 3529 441 3561 eum
452 3522 553 3561 narrat.
566 3510 648 3581 Alpes
661 3510 706 3562 de-

206 3589 291 3642 clarat
306 3608 355 3660 per
373 3609 476 3662 apperes
492 3590 604 3662 Alpinas
620 3606 646 3644 et
665 3611 708 3643 ar-

205 3687 261 3720 cem
274 3669 404 3734 Monaesi,
418 3669 444 3720 h.
458 3689 480 3721 e.
494 3675 708 3741 promontorium

206 3767 267 3800 eum
278 3750 378 3820 templo
391 3762 416 3800 et
427 3763 507 3820 portu
521 3753 640 3804 Herculis
651 3755 707 3804 Μο-

205 3831 291 3894 maci,
304 3831 354 3882 sub
369 3830 481 3901 Alpibus
494 3833 631 3883 maritimis
651 3853 706 3888 non

204 3907 284 3980 longe
295 3929 310 3961 a
323 3910 412 3963 Nicaea
425 3911 497 3976 sitis,
511 3913 556 3982 qui
566 3931 636 3964 nunc
650 3915 706 3965 Μο-

206 4007 272 4040 aaco
285 4003 331 4041 est.
346 3989 468 4041 Alienum
488 3991 578 4062 itaque
595 4005 634 4043 cst
651 4013 705 4046 non

205 4072 289 4142 magis
307 4071 341 4123 ab
353 4069 469 4126 historiae
485 4073 611 4141 veritate,
625 4091 705 4144 quarn

753 2481 831 2537 ferre.
856 2480 912 2532 Nee
940 2479 1034 2532 melius
1063 2496 1118 2528 rem
1148 2473 1256 2546 expedit

753 2559 927 2612 Burmannus.
942 2559 1042 2612 Videas
1053 2571 1142 2610 tamen
1156 2556 1256 2610 audac-

754 2652 794 2691 ter
806 2641 861 2693 lnce
874 2644 900 2692 in
918 2639 1142 2712 descriptionibus
1160 2651 1186 2688 et
1197 2635 1254 2688 his-

754 2722 829 2772 toriis
842 2721 924 2774 ltaliae
941 2721 1025 2792 repeti
1038 2719 1077 2790 (v.
1091 2738 1113 2770 e.
1130 2718 1198 2770 (lber.
1211 2733 1257 2768 sar

755 2797 862 2861 l'ltalie,
875 2801 906 2850 Τ.
922 2801 970 2866 tlt,
988 2819 1014 2870 p.
1034 2798 1113 2867 282),
1127 2810 1153 2849 et
1166 2815 1256 2848 mons-

754 2882 820 2930 trari
833 2881 927 2931 turrim
944 2899 1024 2950 super
1038 2891 1128 2928 monte
1137 2877 1256 2939 Turbin,

756 2975 809 3028 qua
825 2961 937 3010 transitu
958 2960 1030 3011 facto
1050 2957 1138 3008 Caesar
1157 2956 1208 3005 iter
1228 2956 1256 3006 in

754 3037 859 3089 ltaliam
876 3039 1016 3099 clauserit;
1035 3054 1115 3107 quam
1126 3035 1256 3104 Tropaea-

755 3133 813 3165 rum
826 3117 939 3188 Augusti
954 3119 1044 3168 ruinas
1057 3115 1103 3165 alii
1122 3131 1178 3164 esse
1191 3131 1258 3183 pro-

756 3195 895 3260 nuntiant,
911 3209 940 3246 ut
959 3215 991 3248 ex
1009 3192 1196 3246 Holdswortho
1216 3191 1258 3244 di·

757 3271 819 3324 dici.
833 3276 988 3346 Pompeium
1002 3277 1093 3346 copias
1107 3292 1137 3326 ex
1147 3273 1257 3324 Oriente

756 3355 918 3406 contraxisse
932 3357 991 3424 quis
1001 3357 1085 3405 nescit
1095 3351 1212 3404 t-833.
1225 3371 1258 3403 ae

755 3434 896 3486 adsuescite
911 3432 997 3498 bella,
1011 3452 1061 3504 pro
1077 3433 1196 3504 vulgari:
1211 3431 1259 3484 ad-

757 3533 878 3566 suescere
891 3513 977 3566 bellis.
990 3517 1059 3564 Ante
1071 3513 1163 3564 oculos
1179 3514 1258 3567 fuisse
1302 3509 1304 3518 ’

758 3593 871 3647 credunt
890 3593 966 3646 lliad.
981 3613 1010 3656 a,
1025 3609 1074 3662 279
1094 3593 1127 3644 de
1144 3595 1258 3645 llectore

758 3689 783 3727 et
798 3675 877 3744 Ajnce
891 3671 1020 3744 singulari
1032 3674 1176 3724 certamine
1188 3691 1259 3744 pug-

758 3753 903 3806 nantibus:
919 3748 1024 3816 Minio,
1041 3751 1112 3802 aeide
1125 3751 1199 3818 φίλα,
1218 3772 1261 3802 ara·
1333 3779 1342 3802 ι

756 3835 875 3902 ensiferi,
904 3829 964 3898 pandi
980 3827 1117 3898 μάχεσθον.
1138 3861 1173 3870 -
1197 3831 1257 3896 834.

754 3915 870 3968 lmitatio
894 3913 995 3965 Lucani
1015 3927 1054 3966 est
1074 3915 1100 3978 l,
1127 3930 1151 3965 a.
1169 3932 1259 3984 popit-

755 3993 865 4068 lumque
885 4005 1018 4066 potentem
1036 3995 1068 4046 In
1085 4013 1131 4045 stra
1153 3995 1257 4045 victrici

754 4094 905 4130 conuersum
929 4075 1024 4126 viscera
1042 4075 1125 4144 ferra.
1143 4104 1178 4114 -
1195 4073 1256 4126 835.
