3022 4682
312 357 371 447 176
553 357 588 420 P.
612 355 843 420 VIRGILII
866 355 1096 429 nannents

307 486 371 548 Hie
382 502 485 570 genus
497 463 670 568 antiquum
682 481 818 559 Teucri,
832 482 1051 569 pulcherrima
1064 487 1187 574 proles,

305 587 506 676 Magnanimi
519 585 650 664 heroes,
665 588 732 650 nati
746 588 936 654 melioribus
948 593 1055 671 annis,

306 695 454 782 Ilusque,
469 696 722 783 Assaracusque,
737 709 770 756 et
781 693 889 783 Trojae
902 695 1073 762 Dardanus
1086 715 1209 764 auctor.
1300 710 1346 758 65·

304 804 401 862 Arma
414 800 528 887 'procul
541 819 723 886 currusque
735 799 841 862 virum
856 801 993 866 miratur
1005 805 1120 868 inanis.

302 907 395 971 Stant
407 922 491 969 terra
504 904 618 968 delixae
630 903 744 982 hastae,
759 907 945 995 passimque
957 909 1056 973 soluti

269 1086 273 1096 Ι
304 1015 367 1076 Per
378 1033 510 1099 campos
523 1026 702 1098 pascuntur
714 1011 801 1098 equi.
815 1015 896 1093 Quae
909 1015 1009 1100 gratia
1023 1038 1178 1080 curruum

304 1121 545 1204 Armorumque
558 1115 621 1178 luit
635 1116 730 1194 vivis,
747 1140 821 1205 quae
834 1141 913 1182 eura
925 1121 1057 1185 nitentis

303 1304 382 1350 ltlandi
395 1303 424 1349 ad
436 1305 532 1348 Statium
542 1318 566 1364 p.
582 1301 620 1346 181
635 1301 812 1363 elegantissima,
820 1320 889 1366 quam
900 1318 922 1350 ct
935 1307 983 1368 ipss
993 1323 1004 1351 a
1015 1319 1082 1368 poeta
1095 1307 1221 1369 prolectam
1233 1322 1281 1353 esse
1293 1324 1346 1354 ms-

302 1377 351 1423 lim.
364 1379 401 1421 Fst
414 1389 524 1438 praterea
537 1373 614 1436 lapsus
626 1389 653 1418 ex
666 1372 783 1419 literarum
800 1389 868 1421 sertae
884 1379 957 1423 aetatis
970 1378 1042 1424 ductu
1057 1378 1180 1423 facillimus
1201 1380 1306 1439 exfidem
1317 1382 1344 1424 in

302 1450 386 1494 eadem.
396 1449 453 1493 Cum
463 1461 538 1491 tamen
551 1443 641 1506 vulgata
655 1458 677 1490 et
690 1449 737 1507 ipsa
748 1447 808 1492 bona
821 1451 857 1503 sit,
868 1447 924 1493 nolo
935 1452 1027 1510 pessimi
1038 1449 1137 1513 exempli
1150 1463 1229 1495 auctor
1241 1467 1304 1506 esse,
1316 1463 1344 1496 ut

301 1535 349 1566 non
361 1519 449 1564 librarii
463 1533 572 1570 errorem,
580 1516 621 1561 sed
632 1518 706 1578 ipsum
715 1532 807 1579 poetam
818 1519 965 1564 emendatum
977 1521 1031 1567 dare
1041 1521 1109 1567 velim
1118 1538 1122 1567 :
1131 1521 1202 1584 idque
1214 1539 1256 1584 per
1268 1536 1343 1568 totum

302 1604 393 1652 poetam
402 1605 492 1651 sequar.
503 1614 533 1622 —
541 1587 594 1642 6¹18.
607 1587 693 1632 Laudat
703 1586 793 1644 lorum,
802 1602 824 1634 et
835 1593 916 1635 Teucri
924 1605 1008 1637 nomen
1019 1592 1151 1638 deTeucris
1163 1595 1246 1654 accipit
1256 1595 1344 1638 Auctor

301 1659 375 1706 libelli
386 1660 415 1704 de
425 1660 517 1720 Augusti
529 1660 640 1719 proganie
650 1675 671 1702 c.
682 1658 798 1720 3.-6.t9.
812 1661 846 1704 Μ.
853 1677 955 1722 proceres
967 1661 1089 1707 Vratisl.-
1096 1663 1149 1709 651.
1161 1661 1343 1708 miranturmulti

303 1747 339 1793 ap.
352 1733 430 1775 Heius.
449 1745 472 1774 et
490 1731 568 1773 Bnrni.
581 1741 604 1773 et
618 1728 671 1773 edd.
685 1743 737 1775 ante
748 1732 808 1776 Pier.
823 1747 875 1776 cum
886 1732 966 1793 frapm.
981 1734 1055 1778 Vatic.
1072 1735 1102 1780 cl'.
1114 1734 1167 1796 477.
1181 1733 1341 1796 671-651,

302 1809 361 1847 terra
373 1803 448 1846 lieins.
460 1816 472 1845 e
484 1799 558 1844 Codd.
570 1812 621 1861 post
633 1800 742 1856 Pieriam,
750 1817 796 1845 non
805 1801 874 1848 modo
882 1803 911 1847 ad
919 1818 1000 1848 sonum
1011 1806 1111 1860 suarius,
1118 1805 1158 1850 sed
1167 1817 1189 1850 et
1198 1806 1342 1866 exquisitius.

300 1872 378 1931 Vulgo
387 1870 534 1932 terrm-quod
543 1883 565 1915 et
580 1871 660 1930 fragm.
671 1873 743 1916 l'atic.
752 1871 829 1917 liabet.
838 1899 868 1907 —
876 1874 927 1919 655.
942 1891 1046 1938 campum
1055 1874 1145 1937 aliquot
1153 1877 1213 1920 Pier.
1226 1889 1248 1920 ct
1261 1876 1341 1921 lleins.

301 1941 424 1987 duossotlr.
433 1959 485 1986 cunr
492 1941 572 2000 lrapm.
581 1941 655 1986 Vatia.
667 1943 720 1986 llos
728 1945 775 1989 sire
782 1959 899 2000 cuntium,
907 1947 954 1992 sive
965 1961 1056 1990 curram
1063 1946 1156 2000 scribas,
1164 1961 1245 2006 parum
1253 1944 1342 1990 selene

299 2027 365 2076 puto.
379 2015 405 2058 ln
415 2021 421 2054 t
433 2013 488 2058 odd.
500 2027 624 2075 utrumque
634 2015 743 2060 occurrit.
756 2039 787 2051 ·—
796 2014 849 2070 654.
859 2033 910 2079 quse
923 2032 1003 2062 caussa
1021 2016 1090 2062 Goth.
1102 2033 1162 2073 see,
1174 2016 1240 2079 lapsu
1252 2028 1275 2061 et
1284 2015 1341 2060 alibi

298 2184 371 2229 rose,
394 2176 489 2237 septem
512 2163 663 2214 discrimina
685 2181 794 2228 vocum,
845 2165 880 2217 lio
893 2165 945 2220 boe
959 2167 1094 2238 epitheton
1105 2184 1135 2216 ex
1146 2164 1205 2216 loeo
1216 2165 1341 2230 Homeri,

297 2247 375 2310 fides,
393 2245 475 2318 lyram
495 2241 636 2312 lsrdxsplsi
655 2243 794 2313 (Jortinns

296 2347 323 2397 p.
341 2345 389 2396 ²9²
403 2339 501 2395 septem
523 2343 601 2375 sonos
621 2327 734 2376 musicos
747 2327 795 2376 Or·

297 2407 396 2476 pheum
416 2406 536 2454 atreinere
562 2422 627 2454 voce
649 2403 793 2475 solebat),

297 2487 438 2555 eademque
447 2481 526 2533 rnotlo
537 2483 635 2552 dignis,
645 2483 724 2533 modo
734 2503 795 2553 pec-

296 2569 351 2615 tine
364 2565 464 2633 pulsam
479 2561 551 2631 quod
565 2563 598 2612 ali
612 2562 731 2612 doctiore
738 2566 794 2632 jam

297 2657 352 2694 arte
366 2644 471 2711 petiisse
489 2641 605 2700 ridetur,
619 2641 682 2691 dum
695 2656 794 2713 tempe·

295 2737 370 2774 ratur
380 2736 472 2772 cantus
486 2720 566 2771 modo
581 2721 696 2790 plectro,
712 2723 792 2773 inodo

295 2803 387 2873 digito.
400 2801 460 2862 llla,
471 2819 637 2864 nuncnunc,
651 2801 793 2854 excludunt

295 2883 526 2952 interpretationes
551 2879 672 2930 aliorum.
700 2881 792 2952 Neque

295 2964 363 3014 adeo
384 2962 418 3013 de
438 2975 516 3012 cautu
535 2961 617 3029 ipsius
634 2960 733 3030 Orphei
749 2961 792 3012 hic

295 3045 432 3114 quesitum
451 3040 497 3092 sed
512 3041 533 3090 si
547 3053 694 3110 queratur,
713 3061 791 3092 nemo

293 3123 386 3186 facile,
406 3124 451 3192 qui
465 3123 606 3172 Homerum
625 3121 700 3192 legit,
714 3121 791 3173 dubi·

292 3215 345 3268 tet‚
365 3204 478 3254 fueritne
499 3200 580 3263 alius,
605 3202 650 3270 qui
666 3201 790 3271 Orpheo,

291 3281 375 3354 lyram
387 3281 656 3351 pulsanti‚aceinuit.
676 3282 789 3332 Heroico

292 3381 347 3412 sevo
360 3376 501 3432 utrumque
515 3361 578 3411 lacit
594 3374 674 3412 rates.
691 3362 791 3413 Nosne-

291 3443 325 3493 ris
348 3444 400 3509 646
424 3441 457 3494 ad
481 3444 566 3510 ipsum
588 3455 674 3493 vatetn
697 3443 788 3510 retuli,

291 3521 424 3588 ιῦρύθμας,
445 3522 538 3572 melius
556 3535 636 3592 puto,
659 3539 737 3591 quam
755 3523 789 3574 ad

291 3601 417 3652 saltantes
437 3615 462 3652 et
481 3613 618 3652 cantantes
638 3617 663 3650 v.
682 3602 747 3666 644,
760 3615 789 3652 ut

292 3699 383 3731 eorum
407 3681 522 3731 numeris
544 3680 718 3750 obloquatur,
743 3697 789 3730 seu

291 3759 460 3828 respondeat.

326 3837 377 3902 648
388 3855 445 3906 sqq.
467 3839 564 3889 Partim
582 3838 690 3890 Hesiodi
707 3837 788 3889 ductu

291 3913 355 3982 Ἐργ.
379 3917 441 3984 159,
465 3917 510 3985 167
524 3936 597 3988 seqq.
608 3916 787 3988 pulcherrima

289 3992 385 4064 proles,
396 3995 575 4064 pulcherrimi,
586 3997 612 4047 lt.
621 3998 637 4048 l.
649 3997 681 4048 de
690 4015 786 4068 corpo-

292 4076 327 4126 ris
340 4074 476 4146 dignitate.
490 4076 541 4130 Sed
556 4077 687 4130 insederat
702 4080 788 4148 Virgi-

845 2263 922 2315 quem
936 2249 1062 2318 expressit
1078 2245 1152 2297 Iliad.
1171 2266 1199 2304 u,
1219 2245 1264 2296 131
1281 2261 1340 2313 sqq.

843 2324 900 2381 'lior
912 2327 932 2378 'r'
943 2325 1084 2394 'sorripule
1093 2346 1118 2377 as
1127 2322 1166 2375 sui
1179 2325 1285 2379 sitsi-Pisae
1295 2331 1344 2373 Γι.

843 2403 1004 2469 rapinem:
1016 2411 1042 2460 ‹ls
1059 2402 1179 2460 salanicam
1195 2400 1271 2468 ssim
1283 2404 1341 2455 811·

842 2488 887 2540 aar
907 2485 1036 2556 ἀνθρώπων
1053 2500 1102 2538 etc.
1122 2485 1179 2536 nati
1190 2483 1341 2536 melioribus

843 2569 934 2630 antiis,
949 2568 1093 2619 secundam
1111 2565 1254 2617 Hesiodum
1271 2565 1340 2632 hoe,

843 2645 860 2695 l.
875 2665 897 2697 c.
912 2661 937 2698 et
955 2650 993 2700 sic
1011 2650 1055 2700 alii
1073 2648 1106 2699 de
1127 2647 1237 2698 heroum
1259 2659 1339 2715 atque

843 2727 922 2778 etiam
942 2727 975 2779 de
1000 2747 1079 2779 aurea
1100 2741 1183 2778 aetate.
1205 2725 1341 2776 Laudatur

842 2804 937 2856 Catull.
956 2808 1026 2870 LXI,
1049 2825 1098 2859 ss:
1115 2807 1138 2857 O
1158 2805 1236 2856 nimis
1250 2815 1338 2876 optato

841 2883 974 2936 saeclorum
998 2897 1110 2958 tempore
1131 2884 1205 2948 nati,
1225 2884 1338 2947 Heroas,

840 2962 950 3028 salvete,
963 2966 1036 3016 deum
1045 2981 1134 3039 penus.

876 3043 923 3096 651
938 3045 1041 3098 -655,
1061 3048 1159 3096 lterum
1178 3042 1211 3094 ad
1229 3041 1337 3093 Pindari

841 3121 949 3174 ductum
972 3124 989 3175 l.
1014 3143 1036 3174 c.
1062 3123 1152 3176 Paullo
1174 3121 1257 3173 'aliter
1281 3120 1337 3171 htee

840 3213 952 3254 tractata
965 3221 980 3253 a
992 3202 1100 3254 Platone
1116 3201 1164 3252 sub
1177 3203 1195 3251 f.
1208 3201 1253 3251 lib.
1267 3201 1289 3249 X
1302 3199 1336 3251 de

840 3283 904 3350 llep.
918 3281 1057 3334 Sectautur
1075 3282 1167 3334 anima
1180 3292 1250 3332 artes
1262 3280 1337 3349 prio-

840 3363 874 3412 ris
902 3363 975 3427 vitas,
1008 3363 1140 3413 communi
1175 3360 1337 3430 populorum

840 3443 965 3510 opinione
988 3443 1065 3493 etiam
1086 3441 1243 3492 borealium.
1268 3440 1336 3490 Ean-

839 3519 899 3570 dem
917 3539 970 3571 retu
984 3521 1009 3571 in
1023 3521 1138 3590 antiquis
1155 3514 1261 3590 quoque
1279 3537 1337 3568 mo·

839 3601 969 3650 numentis
994 3618 1147 3666 occurrere,
1168 3611 1262 3670 putant
1285 3600 1337 3649 viri

838 3679 919 3730 docti.
944 3678 984 3730 nd
1008 3681 1047 3728 sui
1073 3682 1198 3750 temporis
1227 3679 1336 3748 negotia

838 3756 894 3808 bare
907 3761 1038 3810 revocavit
1049 3760 1126 3810 ovid.
1138 3761 1200 3810 Met.
1216 3759 1263 3824 lV,
1281 3757 1335 3823 444

839 3855 912 3907 seqq.
933 3838 1027 3889 Melius
1041 3839 1117 3890 Maro
1137 3838 1271 3890 heroicam
1292 3839 1335 3887 ri-

830 3929 891 3966 rtam
904 3919 1025 3968 servavit.
1038 3917 1169 3970 Describit
1182 3930 1268 3967 antem
1279 3916 1335 3966 otiu

838 4001 981 4049 castrensia
997 4017 1021 4048 v.
1035 4018 1057 4047 n.
1071 3997 1145 4049 lliad.
1158 4015 1188 4061 γ,
1206 3995 1261 4048 135.
1282 3997 1334 4047 He·

837 4078 927 4129 roilms
947 4080 1091 4130 Homericis
1112 4097 1208 4148 magna
1228 4079 1335 4148 gratia,
