2956 4680
308 423 574 492 EXCURSUS
598 425 612 486 l
636 424 699 486 AI)
723 421 926 487 LIBRUM
950 425 1059 488 Vlll.
1143 426 1204 513 475

169 565 185 600 a
195 565 295 620 proavo
306 549 424 602 Pallante
437 547 509 601 ducit
521 559 601 618 poeta
609 546 682 609 Vlll,
696 544 729 611 Sl
742 542 874 598 Pallantis
882 546 977 617 proavi
986 546 1017 598 de
1026 546 1132 598 nomine
1144 546 1208 598 Pal·

169 627 302 682 lanteum:
317 633 361 700 qui
373 631 441 682 inter
453 630 565 696 majores
580 625 694 678 Evandri
707 624 842 698 aPelasgo
855 645 937 698 genus
954 626 1075 680 ducentis
1087 645 1141 678 non
1159 647 1208 680 oc·

169 711 259 761 currit.
273 711 361 761 Potest
373 710 424 760 boc
436 723 516 780 poeta
529 707 562 760 de
574 725 622 760 suo
635 705 755 772 litrxisse,
772 709 811 758 uti
823 706 938 758 Evandri
954 705 1009 759 lilio
1029 707 1099 760 idem
1110 727 1208 760 nomen

169 788 278 850 indidit,
291 791 377 860 potuit
389 803 415 842 et
428 789 508 840 alium
521 801 658 840 auctorem
676 788 759 858 sequi.
773 787 841 838 Nam
852 787 987 838 Palantem
1001 789 1069 839 iuter
1081 789 1210 860 Lycaonis

168 865 238 918 lilios
250 865 370 920 ediderat
383 866 526 930 Hesiodus,
539 865 611 936 apud
622 864 712 936 Stepb.
726 867 785 937 Byr.
799 867 826 917 in
843 863 983 918 unirent.
997 865 1070 918 Alias
1083 865 1211 937 etymolo-

169 945 242 1018 gias,
258 948 341 999 multo
355 949 440 998 minus
452 947 621 1018 probandas,
637 945 720 998 babet
732 947 817 997 Varro
836 947 885 997 LI..
899 947 950 1008 lv,
969 963 1029 1018 pag.
1053 945 1092 998 16.
1112 944 1209 996 Dordr.

171 1023 252 1078 Solin.
265 1046 323 1099 cop.
341 1045 369 1094 ι,
382 1048 443 1100 pag.
458 1045 471 1079 a
484 1029 519 1090 B,
535 1026 580 1080 ubi
592 1025 646 1078 vid.
664 1025 772 1077 Salmas.
787 1045 847 1098 pag.
864 1043 903 1078 to.
916 1027 1008 1078 Festus
1021 1027 1048 1076 in
1058 1043 1117 1076 voe.
1130 1021 1212 1076 Pala-

172 1105 247 1156 tium.
261 1107 332 1159 Serv.
346 1109 380 1160 ed
392 1111 450 1162 AEn.
463 1109 526 1171 Vll,
539 1107 580 1159 51.
594 1107 616 1158 Δ
629 1105 765 1170 Palantia,
778 1105 909 1158 Arcadica
919 1107 998 1171 urbe,
1009 1123 1106 1158 nomen
1119 1103 1212 1154 melius

173 1183 282 1236 deduxit
293 1187 400 1260 Dionys.
416 1187 433 1240 Ι.
452 1208 475 1240 c.
491 1188 536 1257 qui
550 1185 621 1238 idem
634 1204 692 1256 cap.
707 1185 740 1238 32
758 1186 943 1258 etymologiam
962 1185 1056 1251 eliam,
1069 1183 1116 1237 sed
1133 1201 1213 1254 qnam

172 1262 230 1332 ipse
243 1265 392 1335 improbat,
405 1267 439 1320 ab
452 1265 572 1318 Herculis
585 1278 611 1316 et
622 1266 743 1330 Larinas,
759 1264 875 1318 Evandri
888 1265 959 1330 lilire,
972 1265 1064 1336 prole,
1080 1262 1214 1327 Pallante,

173 1360 204 1393 ex
215 1345 324 1417 Polybio
340 1359 474 1400 memorat.
492 1345 543 1398 sed
557 1348 630 1416 prior
645 1346 718 1398 lama
733 1363 796 1398 vero
816 1348 898 1418 magis
919 1359 1114 1406 consentanea,
1134 1344 1214 1394 etiam

174 1423 310 1478 Antonino
321 1429 367 1479 Pio
380 1428 510 1498 probatas
527 1445 642 1497 numque
655 1427 677 1477 is
689 1426 783 1478 urbem
796 1426 915 1478 moadiae
926 1425 1085 1480 Pallantium
1097 1441 1129 1476 ex
1145 1439 1215 1493 pago

175 1502 253 1568 feeit,
266 1518 293 1558 et
302 1507 329 1557 in
342 1509 451 1578 originis
465 1509 617 1560 memoriam
625 1505 775 1558 libertatem
786 1523 845 1556 cnm
858 1507 1022 1557 immunitate
1031 1503 1158 1557 retributis
1170 1501 1218 1550 tri·

173 1578 241 1632 buit.
255 1584 365 1636 Pausan.
383 1586 458 1650 Vlll,
476 1584 518 1651 43.
533 1585 645 1636 Habitus
658 1585 708 1635 tuit
724 1584 848 1634 Euander
863 1585 1019 1636 allomeris
1037 1585 1105 1634 inter
1120 1579 1216 1631 heroes

175 1657 323 1730 Indigetes:
339 1665 395 1731 ejus
414 1681 486 1715 aram
504 1663 553 1714 sub
571 1665 702 1716 Aventino
721 1664 863 1734 Dionysius
881 1662 1001 1726 viderat,
1013 1661 1078 1714 ibid.
1099 1677 1158 1730 cap.
1172 1657 1214 1710 32.

175 1737 266 1790 Paullo
279 1744 368 1792 notior
379 1756 418 1794 est
434 1744 576 1796 comente
588 1761 648 1806 ara,
663 1759 720 1812 que
737 1742 787 1794 sub
803 1742 937 1813 Capitolio
953 1745 1003 1795 luit
1019 1745 1094 1812 juxta
1110 1750 1217 1810 portum

175 1815 376 1872 Carmentalem.
390 1821 443 1874 vid.
457 1823 563 1893 Dionys.
577 1821 642 1873 ibid.
656 1821 738 1875 Sulin.
753 1820 1078 1893 1.Lupernaliumreligio
1092 1818 1126 1872 ad
1138 1817 1221 1868 Arca-

176 1893 222 1946 des
235 1895 284 1950 bos
296 1917 356 1949 cum
365 1899 489 1952 Evandro
502 1900 647 1952 Palantium
655 1900 800 1952 insidentes
808 1901 888 1972 vulgo
900 1902 994 1958 referri
1003 1900 1154 1958 solitnfnit3
1166 1894 1219 1948 alia

179 1989 255 2026 sacra
267 1990 292 2027 et
305 1979 424 2032 instituta
436 1997 520 2050 graeca
533 1980 567 2032 ab
580 1979 674 2032 eodem
686 1981 809 2050 prolecta
821 1983 914 2033 recitat
927 1981 1036 2053 Dionys.
1050 1981 1080 2044 l,
1093 1979 1135 2031 33.

211 2051 250 2104 De
263 2063 377 2124 tempore
386 2074 507 2108 accessus
518 2057 633 2108 Evandri
646 2057 680 2109 nd
692 2057 796 2109 ltaliam
808 2060 871 2110 satie
884 2061 953 2110 inter
967 2061 1110 2129 scriptores
1123 2071 1220 2106 conve-

178 2130 233 2194 nit,
249 2130 350 2183 factum
361 2153 420 2184 eum
433 2151 489 2186 esse
501 2136 546 2186 Lx
563 2151 664 2198 annos,
683 2134 805 2205 adeoquo
822 2135 905 2188 altere
924 2149 1015 2200 aetate,
1035 2148 1097 2187 ante
1111 2135 1219 2201 Trojnm

179 2221 299 2280 ceptam,
315 2212 364 2264 sub
383 2214 475 2264 Fauno
491 2213 646 2266 latinorum
665 2231 735 2284 rege.
753 2213 889 2264 Ornarunt
910 2215 1028 2266 fabulam
1048 2213 1082 2264 de
1096 2208 1220 2262 Evandro

179 2288 282 2356 egregie
294 2303 394 2358 poetae3
407 2305 501 2360 praeter
513 2291 651 2362 Virgilium
662 2289 740 2342 Orid.
753 2291 822 2342 Fust.
836 2292 861 2354 l,
874 2293 926 2361 469
936 2311 1011 2363 sqq.‚
1023 2293 1119 2344 faciem
1133 2301 1221 2341 nutem

180 2362 316 2431 locorum,
329 2385 386 2438 qua
400 2368 522 2422 Evander
533 2371 634 2433 tenuit,
645 2371 764 2440 Propert.
778 2371 813 2420 lv
821 2407 829 2433 ,
841 2370 913 2441 Eleg.
929 2387 937 2420 t
950 2407 958 2435 ,
971 2389 1029 2441 qun
1038 2387 1093 2422 nna
1104 2387 1136 2421 ex
1147 2365 1222 2420 nobi-

180 2440 286 2500 lissimis
297 2459 351 2499 est:
365 2467 426 2502 cum
439 2467 492 2519 que
504 2447 686 2519 comparanda
698 2461 737 2500 est
749 2448 849 2500 Tibulli
861 2448 907 2500 lib.
919 2451 957 2514 ll,
968 2449 1041 2522 Eleg.
1056 2449 1080 2501 5.

465 2721 835 2820 EXCURSUS
870 2735 934 2818 ΙΙ.

365 2925 418 2988 De
429 2926 544 3008 priscis
555 2921 667 2988 Italiae
681 2923 794 2986 ineolis
807 2935 841 2985 et
853 2919 1044 2986 nominibus.

220 3081 294 3146 Vlll,
306 3079 462 3147 ³¹l-329
475 3080 537 3130 llus
548 3097 653 3130 neruora
668 3077 797 3149 indigente
810 3077 906 3140 Fauni,
916 3074 1098 3147 Nymphaeque
1106 3077 1229 3128 tenebant

186 3160 340 3212 —Primus
355 3161 388 3210 ab
403 3156 509 3210 oetlrerio
530 3157 602 3208 venit
618 3157 748 3208 Saturnus
765 3155 879 3226 Olympo
890 3155 971 3206 Anna
985 3155 1058 3206 Jovir
1065 3153 1185 3226 fugiens,
1202 3165 1230 3205 et

187 3240 271 3312 regnis
283 3238 345 3291 exul
356 3238 472 3290 ademtis.
486 3239 512 3289 ls
521 3255 603 3310 penus
615 3234 727 3288 indocile
737 3253 769 3288 ae
780 3236 920 3306 dispersum
936 3234 1064 3286 montibus
1078 3232 1138 3286 altis
1152 3235 1228 3284 Conr-

187 3321 290 3390 posuit,
304 3319 422 3394 legesque
433 3319 518 3384 dedit,
531 3316 690 3388 Latiumque
700 3316 787 3368 vocari
797 3313 913 3380 Maluit,
928 3314 965 3366 liis
977 3315 1104 3386 quoniam
1115 3313 1231 3367 latuisset

191 3412 260 3454 tutus
278 3403 305 3454 in
317 3402 375 3454 oris.
389 3401 491 3464 Aurea,
505 3417 564 3471 quoe
577 3397 730 3470 perbibent,
748 3395 796 3450 illo
813 3398 860 3450 sub
873 3397 941 3468 Rege
954 3395 1069 3466 fuerunt
1081 3393 1183 3448 Secula
1194 3425 1229 3434 -

189 3481 310 3533 Deterior
316 3482 396 3532 dones
402 3478 545 3551 paullatim
556 3497 587 3529 ac
599 3477 703 3530 &color
711 3488 783 3543 tetus,
791 3477 827 3530 Et
839 3473 900 3528 belli
911 3475 992 3527 rabies
1000 3485 1026 3526 et
1034 3473 1233 3526 amorsuecessit

191 3558 311 3612 labendi.
324 3561 390 3610 Tum
401 3577 494 3612 manus
503 3557 633 3623 Ausonia,
641 3567 667 3608 et
674 3567 762 3628 pentes
772 3556 983 3618 mensuare,
993 3553 1092 3625 Saepius
1101 3563 1127 3603 et
1136 3571 1231 3604 nomen

187 3639 277 3708 posuit
286 3637 411 3688 Saturnia
423 3635 506 3690 tellus.
520 3635 605 3688 Locus
615 3636 792 3701 clarissimus,
806 3637 880 3704 cujus
893 3635 974 3687 etiam
985 3634 1013 3685 in
1024 3631 1156 3683 historicis
1168 3647 1233 3681 auc-

191 3719 283 3768 toritas
301 3734 358 3768 etse
375 3715 456 3782 solet,
473 3717 620 3770 illustratus
638 3734 745 3787 quoque
763 3735 779 3770 a
794 3715 862 3768 Sext.
880 3713 970 3766 Aurel.
990 3714 1059 3764 Vict.
1072 3711 1104 3762 Ο.
1117 3710 1148 3761 G.
1162 3711 1191 3761 ll.
1204 3709 1230 3760 3.
1311 3749 1314 3752 .

190 3797 333 3850 Videamus
346 3799 436 3866 itaque
448 3797 539 3868 paullo
552 3799 697 3864 curiosius,
708 3815 766 3867 que
779 3815 795 3848 a
806 3808 888 3868 poete
899 3797 926 3846 iu
939 3811 970 3848 eo
984 3793 1131 3846 trudentur.

225 3877 375 3946 Antequam
387 3877 527 3943 Saturnus,
542 3879 596 3930 sire
608 3895 699 3930 verum
712 3876 754 3941 id,
767 3895 828 3940 seu,
841 3874 914 3946 quod
928 3871 1094 3944 probabilius
1107 3870 1149 3938 lit,
1165 3887 1234 3943 sym·

191 3955 309 4008 bolicum
321 3968 360 4008 est
371 3975 481 4022 nomen,
500 3959 610 4010 sationis
621 3959 691 4009 forte
704 3975 735 4009 ac
747 3955 864 4008 melioris
875 3956 935 4005 vitae
948 3951 1047 4012 cultum
1061 3951 1088 4001 in
1105 3967 1163 4002 eum
1181 3961 1234 4000 ter-

190 4054 259 4101 ram,
274 4053 331 4106 quor
343 4055 404 4090 mox
414 4037 482 4092 Latii
494 4057 590 4092 nomen
603 4037 730 4102 obtinuit,
743 4038 859 4100 reniret,
872 4045 947 4086 vasta
961 4030 1086 4084 silvarum
1099 4027 1231 4092 solitudo,

190 4115 264 4190 law
277 4131 303 4170 et
316 4135 445 4190 aquarum
457 4118 599 4186 colluvies,
610 4120 710 4194 passini
718 4119 793 4190 ignes
805 4115 986 4181 subterranei,
996 4113 1048 4164 late
1061 4110 1152 4162 omnia
1162 4121 1235 4162 tene·
