2956 4680
317 411 381 494 470
566 412 599 471 r.
624 411 853 474 vinorum
877 411 1114 478 nunonis

319 532 471 594 blaxuma
483 547 667 596 tercentum
679 551 780 598 totam
793 532 932 600 delubra
944 558 1006 623 per
1019 536 1163 602 Urbem.

320 634 458 712 Laetitia,
472 635 625 726 ludisque
638 639 698 702 viae
710 638 893 728 plausuque
905 641 1109 720 fremebttu13

319 737 481 804 Omnibus
494 741 526 805 in
540 744 670 831 templis
683 761 824 808 matrum
836 745 971 828 chorus,
984 746 1143 816 omnibus
1159 771 1252 828 arae;

296 841 299 847 ’
319 846 403 908 Ante
415 869 500 926 aras,
514 864 632 913 terram
645 851 719 914 caesi
732 867 875 916 stravere
883 852 1029 940 juvenci.

320 951 409 1036 Ipse,
424 951 541 1018 sedens
554 956 651 1019 niveo
664 955 833 1022 candentis
845 958 959 1023 limine
971 958 1102 1039 Phoebi,

321 1056 415 1120 Dona
428 1061 632 1146 recognoscit
643 1061 857 1149 populorum,
870 1080 1025 1152 aptatque
1037 1062 1195 1152 superbis

320 1163 487 1246 Postibus;
500 1167 658 1232 incedunt
670 1171 763 1234 victa.²
775 1168 875 1258 longo
887 1169 1003 1238 ordine
1016 1187 1147 1260 gentes,

320 1355 380 1394 see,
398 1343 477 1388 nescio
490 1343 552 1390 unde
564 1357 689 1407 arreptum.
701 1343 756 1391 Plus
767 1345 839 1392 relert
850 1345 880 1392 de
892 1348 1082 1408 interpunctione
1093 1360 1206 1400 monere,
1229 1361 1310 1410 quam
1325 1347 1387 1391 Bur-

321 1423 419 1456 mannus
429 1413 457 1457 ad
468 1412 564 1460 aliarum
574 1415 703 1461 editionum
713 1414 844 1478 exemplum
853 1418 982 1462 immutavit
992 1433 998 1462 :
1010 1417 1043 1461 As
1052 1415 1208 1462 Cesar—dis
1221 1415 1296 1461 Italis
1305 1426 1386 1462 wesen

321 1481 444 1528 immortale
453 1485 563 1532 sacrabat.
574 1489 676 1532 Maxima
686 1495 808 1533 tercentum
818 1495 886 1534 totam
894 1486 987 1534 ἀοὶιώηι
1000 1503 1043 1551 per
1050 1487 1128 1534 urbem
1143 1487 1252 1542 banuo,
1272 1487 1383 1550 ludisque

321 1553 363 1595 νέα
371 1551 637 1618 plausuquefremeiant.
655 1559 687 1604 lta
702 1573 757 1604 vero
773 1557 839 1620 plura
851 1574 933 1620 parum
943 1557 1064 1605 commode
1077 1557 1138 1602 dicta
1151 1557 1288 1603 ridentur:
1303 1565 1382 1602 arom

322 1623 446 1669 inmortale
455 1627 558 1672 sacrabat
568 1630 611 1673 erit
621 1628 783 1692 accipiendum
792 1629 853 1674 forte
866 1643 924 1692 pro:
937 1641 988 1674 rote
999 1627 1153 1692 persolvebat.
1164 1627 1211 1674 Sed
1223 1643 1271 1673 cur
1284 1631 1381 1672 im

323 1691 383 1736 tale?
397 1707 419 1740 et
428 1695 502 1742 multo
512 1701 583 1759 magis
598 1700 683 1760 frigent
693 1701 751 1744 ista:
765 1697 846 1762 templa
859 1697 948 1755 nunu,
965 1703 1012 1745 usas
1025 1697 1084 1746 ludis
1099 1697 1229 1763 plausuque
1239 1699 1377 1761 [κωύκ.

322 1762 402 1824 ltaque
412 1765 493 1811 reduri
505 1765 599 1813 alteram
610 1769 768 1832 distinguendi
785 1755 906 1816 rationeris.
917 1773 1031 1832 Augustus
1047 1786 1120 1832 opera
1135 1768 1249 1831 publice,
1268 1772 1330 1814 etin
1342 1768 1376 1812 bis

321 1833 420 1896 templa,
439 1841 550 1884 exstruxit
566 1839 681 1902 plurima,
695 1857 717 1888 v.
729 1843 825 1886 Sueton.
838 1858 859 1888 c.
873 1857 913 1903 29,
928 1842 991 1887 unde
1002 1853 1025 1887 et
1035 1843 1117 1897 Livio,
1133 1839 1198 1903 quod
1208 1843 1268 1886 satis
1277 1852 1376 1891 notum,

323 1903 454 1966 templorum
462 1912 559 1955 omnium
569 1912 669 1958 conditor
677 1915 838 1958 autrestitutor
845 1911 920 1958 dictus
930 1924 976 1968 est;
986 1911 1048 1958 idem
1056 1911 1176 1974 triumpho
1184 1914 1295 1956 invectus
1305 1909 1374 1972 plura

321 1974 406 2038 templs
418 1978 546 2038 dedicavit,
565 1985 589 2029 iu
606 1981 658 2036 aliis
666 1983 726 2029 donn
737 1987 886 2030 consecravit.
898 2002 919 2030 v.
929 1986 974 2030 Dio
984 1985 1025 2039 ld,
1045 1999 1081 2028 na.
1092 1985 1196 2030 licuerit
1206 1983 1258 2028 haee
1267 1993 1341 2046 poeta
1352 1993 1373 2026 et

322 2049 348 2092 in
357 2063 428 2094 unum
438 2063 529 2114 tempus
539 2055 639 2102 contulit
649 2073 654 2102 :
667 2059 765 2102 marimo
779 2065 901 2101 amentum
910 2055 1004 2102 delubra
1013 2055 1128 2110 sacrabat,
1145 2064 1221 2100 tntum
1231 2051 1376 2107 inmortale,

323 2117 347 2163 b.
366 2135 418 2182 quae
430 2136 530 2168 voverat.
542 2149 571 2160 -
584 2126 636 2188 716.
654 2127 681 2172 de
698 2125 762 2172 uerba
782 2127 992 2189 raritas-717.
1011 2125 1105 2190 lusuque
1121 2125 1244 2188 Olslnnqus
1264 2123 1372 2186 longob.

325 2191 441 2257 laudisque
451 2195 498 2242 duo
507 2197 585 2243 Burni.
594 2197 743 2260 plausumque
753 2195 849 2242 Dorvill.
853 2195 968 2258 fremebat
977 2194 1035 2242 alter
1042 2197 1125 2251 Goth.;
1136 2198 1170 2241 ita
1179 2193 1262 2240 saltem
1269 2197 1372 2256 jungen-

324 2263 368 2308 da:
381 2263 508 2330 plausuque
517 2267 632 2330 fientebat
641 2266 748 2314 Omnibus
758 2270 781 2311 in
798 2275 812 2312 t.
830 2281 859 2310 m.
872 2264 968 2320 chorus:
985 2266 1026 2314 sed
1042 2265 1086 2312 boc
1100 2265 1211 2330 putidum
1221 2278 1263 2311 est.
1273 2289 1306 2298 -
1315 2263 1371 2323 τιὸ,
1452 2271 1454 2314 ζ

323 2349 370 2378 aree
380 2333 439 2380 Pier.
450 2349 473 2384 et
484 2337 563 2383 licius.
574 2355 586 2384 e
598 2340 658 2394 suis,
671 2351 768 2400 excepto
779 2351 826 2383 uno
835 2338 938 2392 Veneto,
951 2337 1116 2399 probaverunt.
1124 2335 1217 2382 Vellem
1227 2335 1371 2396 adjecissent

324 2405 367 2448 riri
379 2404 455 2460 docti,
467 2405 531 2469 quod
543 2411 663 2454 sententia·
673 2424 770 2457 acumen
780 2409 804 2453 in
815 2422 843 2454 eo
852 2405 1065 2469 deprehenderent.
1078 2407 1142 2466 Quid
1152 2405 1318 2467 magistrique
1329 2403 1368 2448 di-

324 2489 385 2534 enm,
400 2491 469 2536 quam
485 2479 510 2520 iu
526 2477 627 2522 omnibus
638 2476 724 2540 templis
732 2495 780 2524 oroe
794 2493 826 2523 sc.
844 2478 924 2523 erant?
934 2477 999 2523 Licet
1008 2478 1034 2523 id
1043 2477 1154 2523 eredere:
1166 2475 1208 2522 sed
1222 2473 1280 2538 quid
1297 2473 1371 2519 inde?
1452 2517 1453 2544 q

325 2559 354 2590 an
365 2557 471 2604 repetere
481 2546 558 2607 placet
567 2565 614 2594 arte
623 2549 802 2612 scfiemebnnt?
814 2550 857 2594 lter
867 2564 922 2596 vero
932 2550 964 2594 sic
973 2548 1126 2610 expedienda.
1136 2547 1256 2611 Exquisite
1266 2545 1306 2590 illa
1316 2545 1367 2590 dic·

324 2629 346 2660 ta
356 2631 399 2678 pro
409 2616 555 2677 vulgaribus:
567 2621 682 2666 Omnibus
691 2624 715 2666 in
724 2620 818 2683 templis
825 2634 981 2666 matronarum
990 2619 1172 2682 supplicantium
1182 2629 1254 2665 eoetus
1264 2617 1367 2664 viseban-

324 2697 375 2738 tur,
387 2693 410 2730 et
418 2701 476 2740 aree,
489 2687 518 2732 ab
527 2690 615 2734 artifice
626 2706 750 2751 expressae,
761 2701 813 2736 ante
823 2707 880 2754 quas
889 2693 987 2738 uictimae
996 2690 1184 2736 immolabantur.
1194 2690 1271 2752 Vulgo
1281 2688 1366 2735 lectum

323 2755 367 2800 luit
379 2756 480 2802 omnibus
488 2760 534 2802 aris
545 2774 552 2802 .-
566 2761 637 2822 idque
648 2777 675 2808 er
685 2761 796 2808 Gorbauis
806 2765 894 2824 primus
907 2775 989 2810 serrat.
1002 2761 1104 2808 omnibns
1115 2777 1157 2808 aru
1168 2761 1288 2817 Perrhae,
1300 2763 1364 2807 ntia·

324 2840 356 2870 se.
366 2850 397 2860 -
409 2842 461 2889 7¹9·
476 2836 547 2874 terras
557 2830 654 2878 Dorvill.
666 2856 698 2868 -
709 2847 762 2893 7²¹·
776 2842 881 2896 artatque
891 2831 989 2880 Dortill.
1002 2857 1034 2868 -
1046 2848 1100 2895 7²²·
1110 2831 1126 2878 l.
1142 2849 1164 2878 o.
1183 2841 1265 2878 matres
1276 2830 1363 2892 aliquos

325 2993 372 3039 ea,
390 2992 447 3046 qute
462 2980 589 3050 cujusque
606 2979 660 3034 diei
673 2996 776 3050 essent,
792 2985 820 3036 in
905 3001 956 3053 7²⁰
973 3001 1028 3055 seq.
1046 2982 1192 3055 Splendida
1204 3000 1291 3036 rerum
1303 2997 1360 3051 spe·

325 3071 406 3105 unum
419 3057 501 3110 fuisse
514 3073 647 3132 congesta.
666 3073 754 3116 votnm
773 3065 821 3114 im·
869 3065 931 3116 cies.
953 3064 1020 3116 Puta
1042 3062 1264 3132 triumphatorem
1283 3059 1361 3110 Oete·

324 3134 435 3186 mortale
452 3141 585 3201 sacrabat;
606 3142 718 3214 templa,
739 3161 821 3214 opera
869 3145 976 3194 risuum
985 3144 1041 3212 jam
1053 3145 1164 3194 intrasse
1177 3138 1360 3193 urbemsedet

324 3215 500 3282 immortalia,
513 3219 654 3274 dedicabat
664 3241 696 3273 en
705 3236 783 3285 voto;
794 3235 820 3275 et
869 3241 918 3292 pro
929 3223 1054 3274 tribunali
1065 3222 1114 3274 snb
1124 3224 1244 3293 porticu,
1257 3233 1283 3273 et
1291 3219 1360 3272 aditn

324 3293 431 3364 quidem
444 3315 540 3370 magno
552 3319 678 3369 numero,
691 3302 762 3356 unde
772 3314 821 3353 tre·
869 3303 961 3373 templi
976 3303 1107 3374 Apollinis
1122 3301 1248 3368 Palatini,
1264 3314 1289 3354 et
1305 3317 1359 3370 pro-

323 3391 387 3424 cena
401 3373 473 3426 dixit.
487 3379 551 3443 Quae
567 3397 615 3449 per
627 3381 757 3452 reliquam
766 3383 819 3434 Au·
868 3395 971 3452 spectat
984 3381 1129 3454 (exquisite
1141 3381 1313 3454 recoqnoseite
1324 3396 1361 3430 ar·

323 3455 393 3526 gusti
412 3456 493 3507 ritum
508 3459 580 3510 facta
596 3471 670 3523 suut,
685 3461 820 3513 revocarit
868 3463 1071 3534 putaturBurm.
1081 3462 1359 3533 inetpmorocisbue-

323 3547 405 3606 poeta
417 3536 466 3587 sub
478 3555 560 3588 unum
572 3550 684 3610 tempus.
698 3541 733 3592 cf.
746 3539 817 3592 Suet.
869 3541 1007 3594 cedentem
1023 3561 1150 3612 pompam
1165 3540 1357 3611 triumphalem,

326 3631 366 3682 ²9·
380 3614 430 3665 Dio
443 3617 490 3678 tt,
505 3633 546 3668 aa.
868 3623 895 3672 in
913 3639 967 3691 qua
983 3633 1125 3692 portantur
1142 3637 1247 3672 corone
1263 3637 1356 3685 auree,

360 3695 821 3769 717-719.Virideletitinpublica
868 3701 937 3752 dona
958 3699 1117 3770 populorum
1133 3698 1222 3769 (coni.
1241 3696 1355 3769 Corda),

323 3773 490 3844 describitur.
519 3777 653 3848 Exquisite
683 3798 745 3832 vero
775 3781 821 3834 illa
870 3778 1003 3832 ducuntur
1020 3781 1118 3850 captivi
1134 3796 1188 3830 una
1206 3797 1266 3830 cum
1283 3780 1356 3850 signis

324 3852 396 3906 dicta
406 3874 456 3924 pro
470 3857 640 3928 vulgaribus:
659 3861 781 3912 omnibus
793 3863 820 3913 in
870 3860 890 3910 F
892 3860 1032 3912 luriorum.

324 3931 428 4004 templis
458 3948 637 3990 matronarum
669 3939 821 4012 snpplicnn-
875 3969 879 3976 ·
906 3932 1354 4010 panaptetqnesuperbisPostibus:

326 4015 391 4064 tium
408 4026 500 4079 coetus,
518 4029 544 4067 et
555 4035 607 4068 aroe
618 4030 752 4090 antequas
766 4022 819 4073 ric·
871 4032 984 4072 coronas
999 4037 1061 4092 erqo
1079 4020 1107 4069 in
1118 4018 1230 4082 loribus,
1247 4017 1354 4090 relpor·

324 4096 393 4148 timae
405 4093 619 4148 immolabantur.
869 4099 923 4154 ticu
935 4101 1027 4172 templi
1039 4098 1165 4172 suspendi
1177 4100 1288 4150 curarit.
