2996 4694
272 439 315 510 ao
451 483 453 488 ·
517 423 1061 514 n.v1aott1'1ulaonts

275 598 288 626 a
302 565 407 632 laside
420 565 585 646 Palinure,
599 567 709 631 ferunt
722 568 791 656 ipsa
802 591 935 657 aequora
947 570 1098 651 classem3
1134 577 1136 584 '

270 676 416 762 AEquatae
429 673 553 760 spirant
565 695 667 753 aurae,
681 672 777 738 datur
788 673 869 738 hora
881 677 984 764 quieti
997 701 1003 738 :

269 782 359 844 Pone
372 796 482 866 caput,
497 779 666 868 fessosque
680 780 792 844 oculos
805 781 914 845 furare
927 781 1041 846 labori.

270 891 345 977 Ipse
358 910 419 975 ego
431 886 609 975 paullisper
620 909 681 975 pro
693 903 725 950 te.
738 903 793 951 tua
806 909 943 952 munera
956 887 1058 952 inibo.

270 995 331 1058 Cui
343 995 395 1057 vix
406 992 568 1057 adtollens
581 993 752 1057 Palinurus
764 993 888 1056 lumina
901 995 1005 1056 fatur:

269 1103 368 1166 Mene
381 1099 455 1164 salis
467 1096 587 1187 placidi
599 1099 726 1162 voltum
738 1097 923 1188 fluctusque
937 1100 1066 1188 quietos

271 1211 425 1295 Ignorare
433 1204 551 1294 jubes?
562 1227 658 1268 mene
671 1203 749 1268 huic
761 1204 929 1270 confidere
941 1207 1115 1269 monstro?

271 1318 394 1378 AEnean
407 1310 538 1377 credam
551 1310 633 1399 quid
646 1312 734 1374 enim
747 1313 916 1377 fallacibus
928 1313 1059 1389 austria

270 1423 312 1484 Et
324 1419 394 1484 coeli
405 1418 501 1482 toties
515 1415 673 1504 deceptus
686 1416 802 1481 fraude
815 1419 941 1481 sereni?
954 1447 966 1476 a

1262 800 1307 857 845

1265 1328 1314 1374 flfi'tr

269 1593 441 1660 Tumquerelor
451 1595 525 1655 Rigor.
539 1609 592 1640 voce
605 1593 708 1658 querelas
722 1593 819 1639 Doru'll„
833 1605 856 1640 et
870 1593 939 1640 Goth.
955 1605 1006 1640 tert
1021 1618 1052 1630 ·-
1066 1593 1122 1650 843.
1128 1594 1151 1657 f.
1165 1611 1208 1640 sua
1215 1597 1315 1658 flamnia-

270 1669 346 1716 Colot.
357 1667 486 1722 caeleate,
496 1665 534 1710 hic
544 1666 639 1728 quidem
648 1667 695 1728 jam
706 1668 843 1712 correctoris
851 1681 920 1711 manu
931 1678 1030 1711 notatur.
1041 1667 1173 1728 Repetitum
1187 1683 1214 1712 ex
1225 1685 1246 1714 r.
1258 1668 1315 1713 832.

269 1755 367 1804 puppem
378 1739 436 1783 l'en.
448 1762 479 1770 -
489 1736 541 1792 845.
551 1739 626 1798 sopori
634 1735 722 1780 Zulicli.
733 1751 776 1797 pro
785 1753 832 1781 var.
843 1734 897 1781 lect.
907 1762 937 1770 -
950 1735 1002 1793 846.
1017 1745 1055 1780 tuo
1066 1739 1142 1780 amatia
1154 1735 1221 1780 Goth.
1232 1751 1276 1782 aee.
1288 1749 1312 1784 et

270 1809 317 1856 Eri.
330 1834 360 1843 -
372 1806 424 1863 848.
442 1807 508 1850 Mene
521 1809 588 1851 meris
600 1805 668 1850 Goth'.
686 1820 731 1850 aee.
746 1804 861 1867 placidum
877 1805 963 1852 voltum
976 1805 1065 1868 aliquot
1083 1807 1142 1851 Pier.
1160 1803 1235 1850 uultus
1253 1805 1312 1852 alter

271 1880 353 1926 flamb.
367 1891 389 1924 et
398 1880 452 1923 Ere.
462 1877 540 1922 Burin.
550 1902 581 1912 -
590 1875 643 1936 849.
656 1877 701 1921 Pro
705 1875 785 1940 jubes,
796 1875 850 1922 velte
860 1877 949 1922 Zulieli.
960 1893 1003 1939 pro
1014 1877 1060 1922 dir.
1071 1875 1125 1923 lect.
1137 1877 1204 1922 llunc
1214 1888 1237 1922 et
1245 1891 1310 1940 seqq,

271 1952 319 1998 duo
331 1943 409 1995 verant
421 1949 497 1993 Acron
509 1947 550 1992 Ge.
563 1946 658 1991 Fabricii
668 1945 698 1991 ad
708 1947 787 1993 Horat.
797 1947 820 2003 1,
832 1947 846 1994 5
858 1950 973 1993 commit
984 1949 1008 1992 in
1020 1961 1105 2002 unum,
1115 1947 1231 1992 memoriae
1240 1947 1311 1992 vitio:

271 2025 339 2069 Meae
348 2019 399 2066 lmic
407 2018 539 2065 concredere
549 2025 646 2063 monstro
654 2019 749 2064 AEncam
760 2022 821 2064 toties
831 2019 935 2082 deeeptus
943 2022 950 2080 ζ
958 2020 1074 2082 deceptum
1084 2031 1106 2064 et
1116 2031 1181 2074 ante,
1190 2016 1312 2077 confidere,

270 2093 348 2154 Schol.
358 2093 445 2154 Cruqu.
455 2091 463 2150 l
471 2088 558 2152 froude
574 2093 653 2134 seretu.
665 2115 697 2125 -
708 2090 761 2136 850.
775 2093 878 2137 Donatus
892 2090 964 2153 legit:
980 2091 1036 2155 quid
1046 2093 1103 2137 enim
1108 2089 1219 2154 fallacius
1229 2091 1313 2134 aetola

271 2165 303 2210 Et
312 2157 382 2208 delo?
392 2161 498 2206 Debebat
507 2159 586 2206 taltem
597 2159 740 2222 distinguere
748 2178 753 2206 :
764 2163 859 2208 AEtteom
868 2163 958 2207 medum
966 2165 974 2220 (
982 2162 1039 2226 quid
1045 2164 1103 2207 enim
1106 2157 1245 2223 fallaciur?)
1255 2159 1319 2204 Anam

272 2235 312 2279 tris
326 2233 358 2276 Et
373 2229 445 2277 celo?
460 2231 538 2275 Potest
550 2229 633 2276 scribi:
653 2231 748 2277 AEneom
762 2234 865 2289 credam,
883 2233 939 2298 quid
955 2233 1028 2278 enim?
1039 2230 1163 2296 fallacibus
1179 2229 1315 2274 ausculta

272 2305 434 2366 interpositum
448 2301 546 2366 sicquid
555 2303 630 2346 enim?
640 2302 710 2349 habet
723 2303 789 2350 aliam
803 2308 936 2353 notionem:
947 2305 1004 2370 quid
1017 2305 1057 2351 ni?
1068 2320 1110 2350 cur
1121 2301 1186 2350 nou?
1196 2302 1226 2346 Ut
1237 2303 1261 2346 in
1271 2299 1313 2346 illo

272 2373 360 2418 lloratii
370 2388 375 2416 :
387 2371 443 2434 quid
455 2373 530 2416 enim?
541 2377 688 2418 conuertitur.
703 2375 740 2420 Sic
752 2391 846 2440 quoque
858 2371 953 2439 tti‘ya'tp3
966 2377 1039 2420 Etiam
1052 2375 1143 2420 Servius
1155 2373 1186 2418 sic
1199 2373 1315 2434 interpre-

272 2455 340 2488 tatur.
354 2443 475 2490 Sententia
485 2437 561 2487 tanien
575 2460 602 2490 ea
613 2442 687 2488 aliena
699 2457 756 2489 eata
770 2444 822 2490 loco
832 2458 920 2492 nostro.
930 2447 1072 2500 eroausoe,
1084 2445 1145 2488 auris
1154 2441 1248 2486 Roman.
1262 2441 1315 2486 Me-

272 2511 318 2555 dic.
330 2508 382 2563 curn
392 2499 443 2557 aliia
452 2511 512 2556 l'icr.
525 2499 549 2558 iet
561 2512 640 2556 Heius.
647 2528 673 2558 ac
683 2514 760 2558 Dmm.
773 2515 837 2560 ldent
847 2529 870 2561 et
878 2517 970 2562 Servius
978 2519 1001 2562 in
1010 2514 1203 2576 interpretatione
1212 2511 1313 2566 exhibet,

271 2591 294 2626 et
306 2578 419 2640 Pompon.
432 2577 484 2622 sab.
497 2579 543 2623 Sed
552 2578 650 2625 alterum
662 2583 773 2629 Donatus.
787 2585 828 2630 Ge.
841 2587 960 2634 Fabricius
970 2587 1032 2634 bunc
1040 2585 1116 2630 locum
1129 2584 1191 2628 inter
1198 2581 1313 2627 obscuris·

272 2651 342 2695 timos
354 2647 562 2694 trahebat-851.
576 2651 606 2695 Et
615 2651 671 2698 ceto
682 2654 751 2699 codd.
764 2657 825 2702 Pier.
839 2671 861 2702 et
873 2659 964 2714 Dilata,
977 2661 1032 2704 item
1050 2659 1134 2701 Donat.
1152 2670 1203 2699 cum
1215 2656 1278 2698 Sere.
1291 2669 1313 2696 v.

273 2721 303 2766 ad
315 2738 336 2765 v.
346 2736 415 2782 praec.
428 2722 461 2766 lta
465 2721 551 2784 froude
560 2727 634 2770 sereni
638 2727 797 2789 jungendum,
810 2742 836 2775 ut
848 2745 952 2776 serenum
962 2747 1006 2793 pro
1016 2732 1134 2793 serenitate
1145 2727 1230 2772 dicmur
1243 2725 1278 2770 tit.
1292 2739 1318 2768 r.

273 2859 336 2910 dum
355 2874 465 2931 propter
479 2861 531 2914 alia
545 2863 614 2916 loca.
632 2864 769 2918 Phorban-

271 2949 323 2990 tem
344 2941 413 2991 forte
432 2961 463 2992 ex
482 2941 556 2992 Iliad.
575 2944 604 3008 ξ,
622 2944 673 3014 490
691 2948 769 3015 petiit

271 3027 360 3090 poeta.
373 3022 412 3072 De
425 3023 518 3074 ceteris
534 3041 559 3072 v.
579 3025 686 3075 Excurs.
699 3027 767 3078 Vlll.

272 3126 306 3138 —·-
316 3101 375 3166 844.
390 3101 448 3170 845.
462 3104 585 3175 AEquatae
596 3123 685 3170 aurat,
704 3125 766 3179 opp.

273 3191 348 3232 vento
366 3182 479 3252 obliquo.
494 3203 518 3234 v.
537 3203 594 3256 sup.
614 3186 647 3237 ad
663 3207 687 3238 v.
703 3187 768 3254 830¹,

272 3261 353 3323 et'lV,
363 3260 422 3330 587.
427 3261 520 3332 furari
528 3265 680 3334 exquisitius
688 3285 768 3336 quam

273 3339 444 3406 subtrahere,
457 3339 619 3408 subducere,
630 3341 742 3399 mirent-
761 3350 764 3368 ¹

308 3419 465 3488 847-857.
483 3421 645 3493 Comparant
662 3427 766 3477 Lucret.

272 3501 308 3563 ll,
323 3497 482 3570 556-559.
497 3503 540 3552 visst
551 3503 673 3556 attollens
689 3503 769 3555 lumi·

272 3599 315 3629 πα.
336 3581 408 3632 Bona
426 3580 510 3634 Servii
529 3598 612 3639 nota:
629 3584 770 3636 antemittit

275 3660 432 3726 «presentia
449 3675 638 3734 proeqroriatum
661 3681 723 3713 aum
744 3673 771 3712 et

275 3760 286 3782 ι
296 3741 402 3810 sequens
417 3743 472 3810 ejtu
488 3743 694 3812 oratio'turbata
716 3751 768 3799 est;

275 3817 368 3886 equod
382 3828 408 3868 et
422 3819 568 3890 semiplena·
582 3821 701 3872 indicant
713 3815 768 3869 elo-

275 3896 441 3948 «cattiones.n
467 3901 545 3952 Recte
567 3902 667 3970 utique.
690 3899 776 3948 Mene·

265 3976 342 4044 jubet
351 3977 487 4047 iquorarc(
496 3999 544 4048 pro
552 3981 656 4050 vulgari
667 4001 672 4029 t
686 3995 773 4030 nosco·

273 4055 354 4120 illud,
367 4059 430 4109 satis
439 4071 531 4108 notum
544 4059 609 4109 milti
624 4061 684 4128 est)
696 4078 768 4110 mare

271 4134 421 4202 placidum,
435 4137 460 4188 lt.
475 4157 497 4190 e.
513 4155 592 4206 quam
609 4137 687 4191 facile
701 4135 767 4192 illud

819 2870 947 2923 turbetur.
957 2887 1031 2920 mene
1038 2868 1099 2920 ltut'c
1107 2864 1234 2940 confidere
1242 2881 1314 2913 mon·

817 2953 885 3001 stro?
898 2951 978 3015 mari,
990 2948 1076 3019 quod,
1089 2949 1174 3018 iuquit
1183 2945 1314 3008 Donatus,

818 3029 920 3100 decipit
931 3028 1043 3092 multos,
1055 3026 1136 3078 infido
1151 3024 1270 3096 ingenio,
1288 3033 1314 3072 et

818 3123 927 3180 repente
942 3107 1044 3160 mobili·
1066 3107 1133 3159 Sane
1152 3105 1224 3156 hunc
1239 3103 1313 3152 vocis

818 3209 894 3242 usum
915 3192 952 3241 ita
964 3188 1056 3259 paullo
1068 3187 1267 3238 insolentiorem
1278 3183 1315 3232 vi—

819 3269 875 3322 deri
886 3287 939 3318 non
948 3285 1024 3340 nego.
1034 3266 1125 3318 Malim
1132 3277 1222 3314 tamen
1229 3263 1315 3330 ipsam

818 3348 887 3415 liano
897 3350 977 3398 marie
988 3346 1121 3397 insolitam
1133 3339 1314 3408 tranquillita-

818 3440 884 3490 tem,
896 3425 1037 3477 subdolam
1047 3435 1073 3474 et
1085 3420 1254 3480 insidiosam,
1267 3437 1315 3488 per

818 3517 960 3558 monstrem
967 3502 1128 3554 declaratam
1134 3511 1236 3570 putare.
1246 3501 1315 3550 Nam

817 3603 859 3637 res
881 3584 978 3654 quaeria
1000 3599 1070 3630 nova
1090 3593 1117 3632 et
1140 3580 1247 3631 insolita
1271 3578 1316 3629 adt·

818 3674 910 3733 speetu
941 3677 989 3710 suo
1024 3677 1116 3711 sensus
1146 3661 1244 3711 feriens
1274 3674 1315 3711 est

818 3751 969 3792 monstrum.
979 3740 1045 3812 quid
1052 3741 1157 3792 enimh.
1170 3741 1187 3792 l.
1202 3752 1240 3793 est
1250 3757 1316 3811 quo-

818 3820 894 3870 modo
916 3823 996 3871 vero?
1010 3820 1125 3893 vulgaris
1139 3819 1205 3871 ordo
1224 3832 1313 3871 esset:

818 3897 1317 3968 qaideaimAEnaameredumatutris?

817 4007 851 4015 -
864 3977 924 4029 851.
938 3979 975 4029 Et
985 3978 1043 4032 eceli
1055 3981 1134 4032 toties¹
1147 3981 1267 4051 deeeptus
1279 4009 1315 4018 -

817 4069 843 4108 et
856 4057 977 4126 quidem,
987 4061 1032 4128 qui
1041 4061 1118 4110 toties
1126 4057 1252 4129 deceptus
1264 4059 1317 4108 tim.

817 4141 958 4192 serenitate
967 4141 1035 4193 cali!
1049 4141 1111 4193 Mox
1120 4139 1168 4194 852
1178 4157 1209 4193 ex
1217 4136 1311 4210 Odere.
