<?xml version="1.0" encoding="UTF-8"?>
<!DOCTYPE html PUBLIC "-//W3C//DTD XHTML 1.0 Transitional//EN"
    "http://www.w3.org/TR/xhtml1/DTD/xhtml1-transitional.dtd">
<html xmlns="http://www.w3.org/1999/xhtml" xml:lang="en" lang="en">
 <head>
  <title>
</title>
<meta http-equiv="Content-Type" content="text/html;charset=utf-8" />
  <meta name='ocr-system' content='tesseract 3.04.00' />
  <meta name='ocr-capabilities' content='ocr_page ocr_carea ocr_par ocr_line ocrx_word'/>
</head>
<body>
  <div class='ocr_page' id='page_1' title='image "./pvirgiliusmaroq05barbgoog_0086.png"; bbox 0 0 2996 4694; ppageno 0'>
   <div class='ocr_carea' id='block_1_1' title="bbox 274 377 1064 463">
    <p class='ocr_par' dir='ltr' id='par_1_1' title="bbox 274 377 1064 463">
     <span class='ocr_line' id='line_1_1' title="bbox 274 377 1064 463; baseline 0.005 -21"><span class='ocrx_word' id='word_1_1' title='bbox 274 378 315 463; x_wconf 76' lang='lat'><strong>&#39;76</strong></span> <span class='ocrx_word' id='word_1_2' title='bbox 520 377 1064 447; x_wconf 77' lang='lat' dir='ltr'><strong>r.vtno1n11ntnuon1s</strong></span> 
     </span>
    </p>
   </div>
   <div class='ocr_carea' id='block_1_2' title="bbox 181 502 1314 1541">
    <p class='ocr_par' dir='ltr' id='par_1_2' title="bbox 271 502 1310 699">
     <span class='ocr_line' id='line_1_2' title="bbox 272 502 1310 592; baseline 0.009 -27"><span class='ocrx_word' id='word_1_3' title='bbox 272 503 400 567; x_wconf 80' lang='lat' dir='ltr'>Interea</span> <span class='ocrx_word' id='word_1_4' title='bbox 415 502 530 569; x_wconf 84' lang='lat' dir='ltr'><strong>AEneas</strong></span> <span class='ocrx_word' id='word_1_5' title='bbox 542 503 661 570; x_wconf 87' lang='lat' dir='ltr'><strong>urbem</strong></span> <span class='ocrx_word' id='word_1_6' title='bbox 674 503 822 592; x_wconf 76' lang='lat' dir='ltr'><strong>designat</strong></span> <span class='ocrx_word' id='word_1_7' title='bbox 833 523 954 586; x_wconf 89' lang='lat' dir='ltr'><strong>aratro,</strong></span> <span class='ocrx_word' id='word_1_8' title='bbox 1266 512 1310 574; x_wconf 77' lang='lat'><strong>755</strong></span> 
     </span>
     <span class='ocr_line' id='line_1_3' title="bbox 271 607 1181 699; baseline -0.001 -27"><span class='ocrx_word' id='word_1_9' title='bbox 271 607 476 698; x_wconf 82' lang='lat' dir='ltr'><strong>Sortitusque</strong></span> <span class='ocrx_word' id='word_1_10' title='bbox 490 610 619 690; x_wconf 89' lang='lat' dir='ltr'><strong>domos,</strong></span> <span class='ocrx_word' id='word_1_11' title='bbox 633 610 697 676; x_wconf 91' lang='lat' dir='ltr'><strong>hoc</strong></span> <span class='ocrx_word' id='word_1_12' title='bbox 710 611 821 690; x_wconf 91' lang='lat' dir='ltr'><strong>Ilium,</strong></span> <span class='ocrx_word' id='word_1_13' title='bbox 836 628 869 675; x_wconf 89' lang='lat' dir='ltr'><strong>et</strong></span> <span class='ocrx_word' id='word_1_14' title='bbox 880 611 950 677; x_wconf 87' lang='lat' dir='ltr'><strong>baec</strong></span> <span class='ocrx_word' id='word_1_15' title='bbox 962 612 1035 676; x_wconf 89' lang='lat' dir='ltr'><strong>loca</strong></span> <span class='ocrx_word' id='word_1_16' title='bbox 1046 608 1181 699; x_wconf 86' lang='lat' dir='ltr'><strong>Trojant</strong></span> 
     </span>
    </p>

    <p class='ocr_par' dir='ltr' id='par_1_3' title="bbox 271 713 1058 806">
     <span class='ocr_line' id='line_1_4' title="bbox 271 713 1058 806; baseline 0.006 -30"><span class='ocrx_word' id='word_1_17' title='bbox 271 713 352 778; x_wconf 84' lang='lat' dir='ltr'><strong>Esse</strong></span> <span class='ocrx_word' id='word_1_18' title='bbox 360 713 466 803; x_wconf 85' lang='lat' dir='ltr'><strong>jubet.</strong></span> <span class='ocrx_word' id='word_1_19' title='bbox 480 715 610 781; x_wconf 86' lang='lat' dir='ltr'><strong>Gaudet</strong></span> <span class='ocrx_word' id='word_1_20' title='bbox 622 739 724 805; x_wconf 78' lang='lat' dir='ltr'><strong>regno</strong></span> <span class='ocrx_word' id='word_1_21' title='bbox 737 717 899 806; x_wconf 85' lang='lat' dir='ltr'><strong>Trojanns</strong></span> <span class='ocrx_word' id='word_1_22' title='bbox 912 721 1058 795; x_wconf 84' lang='lat' dir='ltr'><strong>Acestes,</strong></span> 
     </span>
    </p>

    <p class='ocr_par' dir='ltr' id='par_1_4' title="bbox 270 817 1096 911">
     <span class='ocr_line' id='line_1_5' title="bbox 270 817 1096 911; baseline -0.001 -28"><span class='ocrx_word' id='word_1_23' title='bbox 270 817 458 909; x_wconf 88' lang='lat' dir='ltr'><strong>Indicitqne</strong></span> <span class='ocrx_word' id='word_1_24' title='bbox 471 821 595 902; x_wconf 87' lang='lat' dir='ltr'><strong>forum,</strong></span> <span class='ocrx_word' id='word_1_25' title='bbox 610 821 642 886; x_wconf 89' lang='lat' dir='ltr'><strong>et</strong></span> <span class='ocrx_word' id='word_1_26' title='bbox 654 822 800 911; x_wconf 90' lang='lat' dir='ltr'><strong>patribus</strong></span> <span class='ocrx_word' id='word_1_27' title='bbox 813 821 869 886; x_wconf 91' lang='lat' dir='ltr'><strong>dat</strong></span> <span class='ocrx_word' id='word_1_28' title='bbox 876 821 952 911; x_wconf 90' lang='lat' dir='ltr'><strong>jura</strong></span> <span class='ocrx_word' id='word_1_29' title='bbox 964 822 1096 886; x_wconf 88' lang='lat' dir='ltr'><strong>vocatis.</strong></span> 
     </span>
    </p>

    <p class='ocr_par' dir='ltr' id='par_1_5' title="bbox 181 922 1027 1016">
     <span class='ocr_line' id='line_1_6' title="bbox 181 922 1027 1016; baseline 0.002 -28"><span class='ocrx_word' id='word_1_30' title='bbox 181 981 184 988; x_wconf 91' lang='lat'>.</span> <span class='ocrx_word' id='word_1_31' title='bbox 272 922 360 986; x_wconf 89' lang='lat' dir='ltr'><strong>Tum</strong></span> <span class='ocrx_word' id='word_1_32' title='bbox 372 924 478 990; x_wconf 84' lang='lat' dir='ltr'><strong>vicina</strong></span> <span class='ocrx_word' id='word_1_33' title='bbox 489 927 583 991; x_wconf 89' lang='lat' dir='ltr'><strong>astris</strong></span> <span class='ocrx_word' id='word_1_34' title='bbox 597 928 737 1016; x_wconf 77' lang='lat' dir='ltr'><strong>Erycino</strong></span> <span class='ocrx_word' id='word_1_35' title='bbox 750 928 784 990; x_wconf 94' lang='lat' dir='ltr'><strong>in</strong></span> <span class='ocrx_word' id='word_1_36' title='bbox 797 929 918 992; x_wconf 90' lang='lat' dir='ltr'><strong>vertice</strong></span> <span class='ocrx_word' id='word_1_37' title='bbox 932 925 1027 992; x_wconf 86' lang='lat' dir='ltr'><strong>sedes</strong></span> 
     </span>
    </p>

    <p class='ocr_par' dir='ltr' id='par_1_6' title="bbox 272 1027 1314 1202">
     <span class='ocr_line' id='line_1_7' title="bbox 272 1027 1314 1121; baseline 0.01 -31"><span class='ocrx_word' id='word_1_38' title='bbox 272 1027 444 1092; x_wconf 77' lang='lat' dir='ltr'><strong>Fundetur</strong></span> <span class='ocrx_word' id='word_1_39' title='bbox 455 1031 576 1095; x_wconf 90' lang='lat' dir='ltr'><strong>Veneri</strong></span> <span class='ocrx_word' id='word_1_40' title='bbox 592 1031 717 1112; x_wconf 85' lang='lat' dir='ltr'><strong>ldaliae,</strong></span> <span class='ocrx_word' id='word_1_41' title='bbox 731 1033 927 1121; x_wconf 88' lang='lat' dir='ltr'><strong>tumuloque</strong></span> <span class='ocrx_word' id='word_1_42' title='bbox 940 1030 1107 1110; x_wconf 80' lang='lat' dir='ltr'><strong>sacerdos,</strong></span> <span class='ocrx_word' id='word_1_43' title='bbox 1269 1035 1314 1100; x_wconf 77' lang='lat'><strong>7⁶⁰</strong></span> 
     </span>
     <span class='ocr_line' id='line_1_8' title="bbox 272 1133 935 1202; baseline 0.006 -6"><span class='ocrx_word' id='word_1_44' title='bbox 272 1135 320 1198; x_wconf 92' lang='lat' dir='ltr'><strong>Ac</strong></span> <span class='ocrx_word' id='word_1_45' title='bbox 331 1133 424 1198; x_wconf 90' lang='lat' dir='ltr'><strong>lucus</strong></span> <span class='ocrx_word' id='word_1_46' title='bbox 437 1135 501 1201; x_wconf 85' lang='lat' dir='ltr'><strong>late</strong></span> <span class='ocrx_word' id='word_1_47' title='bbox 513 1159 605 1202; x_wconf 86' lang='lat' dir='ltr'><strong>sacer</strong></span> <span class='ocrx_word' id='word_1_48' title='bbox 616 1135 750 1201; x_wconf 85' lang='lat' dir='ltr'><strong>additur</strong></span> <span class='ocrx_word' id='word_1_49' title='bbox 761 1136 935 1202; x_wconf 83' lang='lat' dir='ltr'><strong>Anchiseo.</strong></span> 
     </span>
    </p>

    <p class='ocr_par' dir='ltr' id='par_1_7' title="bbox 272 1237 1118 1329">
     <span class='ocr_line' id='line_1_9' title="bbox 272 1237 1118 1329; baseline 0.004 -29"><span class='ocrx_word' id='word_1_50' title='bbox 272 1237 412 1329; x_wconf 84' lang='lat' dir='ltr'><strong>Jamque</strong></span> <span class='ocrx_word' id='word_1_51' title='bbox 426 1239 495 1304; x_wconf 88' lang='lat' dir='ltr'><strong>dies</strong></span> <span class='ocrx_word' id='word_1_52' title='bbox 508 1241 637 1329; x_wconf 79' lang='lat' dir='ltr'><strong>epulata</strong></span> <span class='ocrx_word' id='word_1_53' title='bbox 650 1264 770 1305; x_wconf 85' lang='lat' dir='ltr'><strong>novem</strong></span> <span class='ocrx_word' id='word_1_54' title='bbox 783 1263 861 1328; x_wconf 78' lang='lat' dir='ltr'><strong>gens</strong></span> <span class='ocrx_word' id='word_1_55' title='bbox 875 1241 995 1320; x_wconf 88' lang='lat' dir='ltr'><strong>omnis,</strong></span> <span class='ocrx_word' id='word_1_56' title='bbox 1010 1257 1043 1305; x_wconf 90' lang='lat' dir='ltr'><strong>et</strong></span> <span class='ocrx_word' id='word_1_57' title='bbox 1054 1239 1118 1304; x_wconf 87' lang='lat' dir='ltr'><strong>aris</strong></span> 
     </span>
    </p>

    <p class='ocr_par' dir='ltr' id='par_1_8' title="bbox 272 1345 1118 1437">
     <span class='ocr_line' id='line_1_10' title="bbox 272 1345 1118 1437; baseline -0.001 -27"><span class='ocrx_word' id='word_1_58' title='bbox 272 1347 390 1411; x_wconf 87' lang='lat' dir='ltr'><strong>Factus</strong></span> <span class='ocrx_word' id='word_1_59' title='bbox 402 1345 508 1412; x_wconf 81' lang='lat' dir='ltr'><strong>honos</strong></span> <span class='ocrx_word' id='word_1_60' title='bbox 520 1370 527 1409; x_wconf 92' lang='lat'>:</span> <span class='ocrx_word' id='word_1_61' title='bbox 541 1345 660 1436; x_wconf 90' lang='lat' dir='ltr'><strong>placidi</strong></span> <span class='ocrx_word' id='word_1_62' title='bbox 674 1364 859 1412; x_wconf 84' lang='lat' dir='ltr'><strong>straverunt</strong></span> <span class='ocrx_word' id='word_1_63' title='bbox 870 1371 1002 1437; x_wconf 88' lang='lat' dir='ltr'><strong>aequora</strong></span> <span class='ocrx_word' id='word_1_64' title='bbox 1014 1347 1118 1425; x_wconf 85' lang='lat' dir='ltr'><strong>venti,</strong></span> 
     </span>
    </p>

    <p class='ocr_par' dir='ltr' id='par_1_9' title="bbox 272 1449 1153 1541">
     <span class='ocr_line' id='line_1_11' title="bbox 272 1449 1153 1541; baseline -0.001 -28"><span class='ocrx_word' id='word_1_65' title='bbox 272 1450 396 1515; x_wconf 80' lang='lat' dir='ltr'><strong>Creber</strong></span> <span class='ocrx_word' id='word_1_66' title='bbox 408 1467 441 1515; x_wconf 90' lang='lat' dir='ltr'><strong>et</strong></span> <span class='ocrx_word' id='word_1_67' title='bbox 452 1449 621 1541; x_wconf 86' lang='lat' dir='ltr'><strong>adspirans</strong></span> <span class='ocrx_word' id='word_1_68' title='bbox 633 1475 745 1518; x_wconf 89' lang='lat' dir='ltr'><strong>rursus</strong></span> <span class='ocrx_word' id='word_1_69' title='bbox 758 1469 853 1519; x_wconf 85' lang='lat' dir='ltr'><strong>vocat</strong></span> <span class='ocrx_word' id='word_1_70' title='bbox 864 1457 983 1518; x_wconf 83' lang='lat' dir='ltr'><strong>Auster</strong></span> <span class='ocrx_word' id='word_1_71' title='bbox 995 1453 1029 1516; x_wconf 93' lang='lat' dir='ltr'><strong>in</strong></span> <span class='ocrx_word' id='word_1_72' title='bbox 1041 1453 1153 1516; x_wconf 90' lang='lat' dir='ltr'><strong>altum.</strong></span> 
     </span>
    </p>
   </div>
   <div class='ocr_carea' id='block_1_3' title="bbox 273 1613 1317 2030">
    <p class='ocr_par' dir='ltr' id='par_1_10' title="bbox 273 1613 1317 2030">
     <span class='ocr_line' id='line_1_12' title="bbox 306 1613 1315 1679; baseline 0.002 -17"><span class='ocrx_word' id='word_1_73' title='bbox 306 1617 358 1679; x_wconf 83' lang='lat'><strong>756.</strong></span> <span class='ocrx_word' id='word_1_74' title='bbox 369 1619 465 1664; x_wconf 76' lang='lat' dir='ltr'><strong>Sortitur</strong></span> <span class='ocrx_word' id='word_1_75' title='bbox 473 1617 520 1666; x_wconf 80' lang='lat' dir='ltr'><strong>alli.</strong></span> <span class='ocrx_word' id='word_1_76' title='bbox 530 1617 570 1667; x_wconf 78' lang='lat' dir='ltr'><strong>boe</strong></span> <span class='ocrx_word' id='word_1_77' title='bbox 583 1620 700 1667; x_wconf 79' lang='lat' dir='ltr'><strong>exciderat</strong></span> <span class='ocrx_word' id='word_1_78' title='bbox 710 1619 808 1667; x_wconf 71' lang='lat' dir='ltr'><strong>nonin.</strong></span> <span class='ocrx_word' id='word_1_79' title='bbox 821 1634 844 1667; x_wconf 85' lang='lat' dir='ltr'><strong>et</strong></span> <span class='ocrx_word' id='word_1_80' title='bbox 855 1620 960 1667; x_wconf 79' lang='lat' dir='ltr'><strong>Parrhas.</strong></span> <span class='ocrx_word' id='word_1_81' title='bbox 973 1619 1008 1666; x_wconf 72' lang='lat' dir='ltr'><strong>bic</strong></span> <span class='ocrx_word' id='word_1_82' title='bbox 1018 1617 1060 1665; x_wconf 83' lang='lat' dir='ltr'><strong>llr&#39;o</strong></span> <span class='ocrx_word' id='word_1_83' title='bbox 1069 1627 1091 1664; x_wconf 81' lang='lat' dir='ltr'><strong>et</strong></span> <span class='ocrx_word' id='word_1_84' title='bbox 1102 1619 1183 1663; x_wconf 79' lang='lat' dir='ltr'><strong>Fratre.</strong></span> <span class='ocrx_word' id='word_1_85' title='bbox 1196 1613 1236 1664; x_wconf 80' lang='lat' dir='ltr'><strong>boc</strong></span> <span class='ocrx_word' id='word_1_86' title='bbox 1245 1613 1315 1673; x_wconf 73' lang='lat' dir='ltr'><strong>tlon,</strong></span> 
     </span>
     <span class='ocr_line' id='line_1_13' title="bbox 275 1687 1314 1754; baseline 0.001 -21"><span class='ocrx_word' id='word_1_87' title='bbox 275 1687 335 1744; x_wconf 75' lang='lat' dir='ltr'><strong>tec,</strong></span> <span class='ocrx_word' id='word_1_88' title='bbox 345 1688 409 1752; x_wconf 88' lang='lat' dir='ltr'><strong>quod</strong></span> <span class='ocrx_word' id='word_1_89' title='bbox 420 1689 475 1736; x_wconf 77' lang='lat' dir='ltr'><strong>terri</strong></span> <span class='ocrx_word' id='word_1_90' title='bbox 484 1693 568 1752; x_wconf 82' lang='lat' dir='ltr'><strong>possit,</strong></span> <span class='ocrx_word' id='word_1_91' title='bbox 579 1691 617 1738; x_wconf 84' lang='lat' dir='ltr'><strong>vel</strong></span> <span class='ocrx_word' id='word_1_92' title='bbox 626 1691 667 1738; x_wconf 80' lang='lat' dir='ltr'><strong>boc</strong></span> <span class='ocrx_word' id='word_1_93' title='bbox 676 1691 755 1747; x_wconf 80' lang='lat' dir='ltr'><strong>Ilium,</strong></span> <span class='ocrx_word' id='word_1_94' title='bbox 766 1690 871 1748; x_wconf 73' lang='lat' dir='ltr'><strong>lacatii,</strong></span> <span class='ocrx_word' id='word_1_95' title='bbox 885 1693 954 1738; x_wconf 79' lang='lat' dir='ltr'><strong>ctiam</strong></span> <span class='ocrx_word' id='word_1_96' title='bbox 966 1709 1003 1754; x_wconf 83' lang='lat' dir='ltr'><strong>ap.</strong></span> <span class='ocrx_word' id='word_1_97' title='bbox 1018 1691 1079 1736; x_wconf 84' lang='lat' dir='ltr'><strong>Pier.</strong></span> <span class='ocrx_word' id='word_1_98' title='bbox 1097 1691 1186 1751; x_wconf 78' lang='lat' dir='ltr'><strong>Trojam</strong></span> <span class='ocrx_word' id='word_1_99' title='bbox 1198 1689 1276 1734; x_wconf 84' lang='lat' dir='ltr'><strong>lieins.</strong></span> <span class='ocrx_word' id='word_1_100' title='bbox 1286 1705 1314 1734; x_wconf 79' lang='lat' dir='ltr'><strong>cx</strong></span> 
     </span>
     <span class='ocr_line' id='line_1_14' title="bbox 274 1759 1315 1828; baseline 0 -24"><span class='ocrx_word' id='word_1_101' title='bbox 274 1759 421 1816; x_wconf 84' lang='lat' dir='ltr'><strong>melioribus,</strong></span> <span class='ocrx_word' id='word_1_102' title='bbox 432 1760 574 1824; x_wconf 72' lang='lat' dir='ltr'><strong>elegantius,</strong></span> <span class='ocrx_word' id='word_1_103' title='bbox 587 1779 656 1826; x_wconf 79' lang='lat' dir='ltr'><strong>quam</strong></span> <span class='ocrx_word' id='word_1_104' title='bbox 667 1762 735 1826; x_wconf 70' lang='lat' dir='ltr'><strong>vulgo</strong></span> <span class='ocrx_word' id='word_1_105' title='bbox 745 1763 799 1809; x_wconf 84' lang='lat' dir='ltr'><strong>alii:</strong></span> <span class='ocrx_word' id='word_1_106' title='bbox 814 1765 895 1828; x_wconf 77' lang='lat' dir='ltr'><strong>TroJ&#39;oe.</strong></span> <span class='ocrx_word' id='word_1_107' title='bbox 903 1788 933 1798; x_wconf 95' lang='lat'>-</span> <span class='ocrx_word' id='word_1_108' title='bbox 941 1763 993 1826; x_wconf 81' lang='lat'><strong>759.</strong></span> <span class='ocrx_word' id='word_1_109' title='bbox 1010 1765 1065 1808; x_wconf 80' lang='lat' dir='ltr'><strong>Turn</strong></span> <span class='ocrx_word' id='word_1_110' title='bbox 1074 1761 1200 1808; x_wconf 80' lang='lat' dir='ltr'><strong>vindicarit</strong></span> <span class='ocrx_word' id='word_1_111' title='bbox 1209 1762 1268 1806; x_wconf 79' lang='lat' dir='ltr'><strong>Pier.</strong></span> <span class='ocrx_word' id='word_1_112' title='bbox 1280 1763 1315 1804; x_wconf 83' lang='lat' dir='ltr'><strong>oi·</strong></span> 
     </span>
     <span class='ocr_line' id='line_1_15' title="bbox 274 1829 1317 1898; baseline -0.002 -22"><span class='ocrx_word' id='word_1_113' title='bbox 274 1834 325 1876; x_wconf 83' lang='lat' dir='ltr'><strong>cino</strong></span> <span class='ocrx_word' id='word_1_114' title='bbox 338 1829 407 1877; x_wconf 77' lang='lat' dir='ltr'><strong>Wall.</strong></span> <span class='ocrx_word' id='word_1_115' title='bbox 423 1833 522 1892; x_wconf 66' lang='grc' dir='ltr'><strong><em>Εφτὶηα</em></strong></span> <span class='ocrx_word' id='word_1_116' title='bbox 533 1835 625 1895; x_wconf 70' lang='lat' dir='ltr'><strong>Menag.</strong></span> <span class='ocrx_word' id='word_1_117' title='bbox 638 1851 673 1898; x_wconf 88' lang='lat' dir='ltr'><strong>pr.</strong></span> <span class='ocrx_word' id='word_1_118' title='bbox 687 1838 709 1879; x_wconf 84' lang='lat' dir='ltr'><strong>r&#39;n</strong></span> <span class='ocrx_word' id='word_1_119' title='bbox 722 1833 784 1880; x_wconf 85' lang='lat' dir='ltr'><strong>litore</strong></span> <span class='ocrx_word' id='word_1_120' title='bbox 797 1836 926 1880; x_wconf 77' lang='lat' dir='ltr'><strong>Commeat.</strong></span> <span class='ocrx_word' id='word_1_121' title='bbox 938 1835 1025 1897; x_wconf 88' lang='lat' dir='ltr'><strong>Cruqu.</strong></span> <span class='ocrx_word' id='word_1_122' title='bbox 1038 1835 1067 1879; x_wconf 84' lang='lat' dir='ltr'><strong>ad</strong></span> <span class='ocrx_word' id='word_1_123' title='bbox 1079 1834 1158 1878; x_wconf 78' lang='lat' dir='ltr'><strong>Horat.</strong></span> <span class='ocrx_word' id='word_1_124' title='bbox 1171 1832 1182 1874; x_wconf 96' lang='grc' dir='ltr'>Ι</span> <span class='ocrx_word' id='word_1_125' title='bbox 1195 1829 1239 1876; x_wconf 87' lang='lat' dir='ltr'><strong>od.</strong></span> <span class='ocrx_word' id='word_1_126' title='bbox 1252 1845 1272 1874; x_wconf 80' lang='lat' dir='ltr'><strong>t.</strong></span> <span class='ocrx_word' id='word_1_127' title='bbox 1284 1853 1317 1866; x_wconf 90' lang='lat'><strong>-·</strong></span> 
     </span>
     <span class='ocr_line' id='line_1_16' title="bbox 273 1901 1314 1969; baseline 0 -23"><span class='ocrx_word' id='word_1_128' title='bbox 273 1903 329 1965; x_wconf 70' lang='lat'>560.</span> <span class='ocrx_word' id='word_1_129' title='bbox 338 1903 575 1952; x_wconf 81' lang='lat' dir='ltr'><strong>FundantrtrDor-rill.</strong></span> <span class='ocrx_word' id='word_1_130' title='bbox 586 1904 664 1952; x_wconf 78' lang='lat' dir='ltr'><strong>tttadoe</strong></span> <span class='ocrx_word' id='word_1_131' title='bbox 673 1905 778 1952; x_wconf 76' lang='lat' dir='ltr'><strong>Perrhae.</strong></span> <span class='ocrx_word' id='word_1_132' title='bbox 786 1932 816 1941; x_wconf 94' lang='lat'>—</span> <span class='ocrx_word' id='word_1_133' title='bbox 825 1907 876 1969; x_wconf 81' lang='lat'>761.</span> <span class='ocrx_word' id='word_1_134' title='bbox 888 1906 922 1951; x_wconf 80' lang='lat' dir='ltr'><strong>Ac</strong></span> <span class='ocrx_word' id='word_1_135' title='bbox 930 1905 958 1952; x_wconf 78' lang='lat' dir='ltr'><strong>ab</strong></span> <span class='ocrx_word' id='word_1_136' title='bbox 966 1906 1061 1951; x_wconf 79' lang='lat' dir='ltr'><strong>Heinsio</strong></span> <span class='ocrx_word' id='word_1_137' title='bbox 1068 1916 1200 1952; x_wconf 79' lang='lat' dir='ltr'><strong>revocatum</strong></span> <span class='ocrx_word' id='word_1_138' title='bbox 1210 1919 1222 1948; x_wconf 88' lang='lat' dir='ltr'><strong>e</strong></span> <span class='ocrx_word' id='word_1_139' title='bbox 1232 1901 1301 1947; x_wconf 87' lang='lat' dir='ltr'><strong>codd.</strong></span> <span class='ocrx_word' id='word_1_140' title='bbox 1307 1933 1314 1954; x_wconf 86' lang='lat'><strong>,</strong></span> 
     </span>
     <span class='ocr_line' id='line_1_17' title="bbox 274 1966 1316 2030; baseline -0.001 -16"><span class='ocrx_word' id='word_1_141' title='bbox 274 1969 316 2015; x_wconf 70' lang='lat' dir='ltr'><strong>olii</strong></span> <span class='ocrx_word' id='word_1_142' title='bbox 326 1971 369 2026; x_wconf 81' lang='lat' dir='ltr'><strong>Et,</strong></span> <span class='ocrx_word' id='word_1_143' title='bbox 379 1984 425 2019; x_wconf 83' lang='lat' dir='ltr'><strong>tres</strong></span> <span class='ocrx_word' id='word_1_144' title='bbox 435 1974 473 2018; x_wconf 81' lang='lat' dir='ltr'><strong>At.</strong></span> <span class='ocrx_word' id='word_1_145' title='bbox 484 1974 588 2021; x_wconf 83' lang='lat' dir='ltr'><strong>Parthas.</strong></span> <span class='ocrx_word' id='word_1_146' title='bbox 598 1974 641 2022; x_wconf 75' lang='lat' dir='ltr'><strong>late</strong></span> <span class='ocrx_word' id='word_1_147' title='bbox 651 1973 740 2021; x_wconf 72' lang='lat' dir='ltr'><strong>incuss.</strong></span> <span class='ocrx_word' id='word_1_148' title='bbox 749 1977 807 2022; x_wconf 88' lang='lat' dir='ltr'><strong>Cum</strong></span> <span class='ocrx_word' id='word_1_149' title='bbox 815 1975 931 2021; x_wconf 78' lang='lat' dir='ltr'><strong>Bruncltio</strong></span> <span class='ocrx_word' id='word_1_150' title='bbox 938 1978 1043 2022; x_wconf 85' lang='lat' dir='ltr'><strong>revocari</strong></span> <span class='ocrx_word' id='word_1_151' title='bbox 1054 1972 1178 2020; x_wconf 75' lang='lat' dir='ltr'><strong>Artcluseo:</strong></span> <span class='ocrx_word' id='word_1_152' title='bbox 1188 1984 1222 2018; x_wconf 87' lang='lat' dir='ltr'><strong>est</strong></span> <span class='ocrx_word' id='word_1_153' title='bbox 1230 1966 1316 2030; x_wconf 70' lang='grc' dir='ltr'><strong><em>Ἀγχί-</em></strong></span> 
     </span>
    </p>
   </div>
   <div class='ocr_carea' id='block_1_4' title="bbox 275 2044 1318 2160">
    <p class='ocr_par' dir='ltr' id='par_1_11' title="bbox 275 2044 1318 2160">
     <span class='ocr_line' id='line_1_18' title="bbox 275 2044 1318 2160; baseline -0.001 -70"><span class='ocrx_word' id='word_1_154' title='bbox 275 2059 341 2156; x_wconf 50' lang='lat' dir='ltr'><strong>iim:</strong></span> <span class='ocrx_word' id='word_1_155' title='bbox 354 2044 415 2160; x_wconf 79' lang='lat' dir='ltr'><strong>¹Male</strong></span> <span class='ocrx_word' id='word_1_156' title='bbox 427 2047 451 2092; x_wconf 85' lang='lat' dir='ltr'><strong>lu</strong></span> <span class='ocrx_word' id='word_1_157' title='bbox 465 2048 634 2095; x_wconf 81' lang='lat' dir='ltr'><strong>recentioribus</strong></span> <span class='ocrx_word' id='word_1_158' title='bbox 649 2050 718 2094; x_wconf 83' lang='lat' dir='ltr'><strong>ctiam</strong></span> <span class='ocrx_word' id='word_1_159' title='bbox 731 2049 809 2096; x_wconf 85' lang='lat' dir='ltr'><strong>llelns.</strong></span> <span class='ocrx_word' id='word_1_160' title='bbox 822 2047 941 2095; x_wconf 70' lang='lat' dir='ltr'><strong>arataeo</strong></span> <span class='ocrx_word' id='word_1_161' title='bbox 952 2050 1072 2111; x_wconf 84' lang='lat' dir='ltr'><strong>scriptum.</strong></span> <span class='ocrx_word' id='word_1_162' title='bbox 1086 2072 1117 2082; x_wconf 92' lang='lat'>—</span> <span class='ocrx_word' id='word_1_163' title='bbox 1131 2045 1183 2108; x_wconf 76' lang='lat'>763.</span> <span class='ocrx_word' id='word_1_164' title='bbox 1200 2048 1318 2089; x_wconf 68' lang='lat' dir='ltr'><strong>rennuunt</strong></span> 
     </span>
     <span class='ocr_line' id='line_1_19' title="bbox 275 2127 370 2160; baseline -0.011 -1"><span class='ocrx_word' id='word_1_165' title='bbox 275 2155 277 2159; x_wconf 91' lang='lat'>.</span> <span class='ocrx_word' id='word_1_166' title='bbox 299 2127 370 2160; x_wconf 81' lang='lat' dir='ltr'><strong>rans.</strong></span> 
     </span>
    </p>
   </div>
   <div class='ocr_carea' id='block_1_5' title="bbox 313 2223 1318 2326">
    <p class='ocr_par' dir='ltr' id='par_1_12' title="bbox 313 2223 1318 2326">
     <span class='ocr_line' id='line_1_20' title="bbox 313 2223 1318 2326; baseline -0.011 -22"><span class='ocrx_word' id='word_1_167' title='bbox 313 2245 372 2316; x_wconf 83' lang='lat'><strong>755.</strong></span> <span class='ocrx_word' id='word_1_168' title='bbox 385 2223 442 2318; x_wconf 51' lang='lat'>7:56.</span> <span class='ocrx_word' id='word_1_169' title='bbox 457 2250 496 2303; x_wconf 85' lang='lat' dir='ltr'><strong>cf.</strong></span> <span class='ocrx_word' id='word_1_170' title='bbox 510 2253 535 2318; x_wconf 86' lang='lat'><strong>1,</strong></span> <span class='ocrx_word' id='word_1_171' title='bbox 549 2251 600 2319; x_wconf 62' lang='lat'><strong>423</strong></span> <span class='ocrx_word' id='word_1_172' title='bbox 609 2271 667 2326; x_wconf 83' lang='lat' dir='ltr'><strong>sqq.</strong></span> <span class='ocrx_word' id='word_1_173' title='bbox 679 2253 772 2306; x_wconf 82' lang='lat' dir='ltr'><strong>AEncas</strong></span> <span class='ocrx_word' id='word_1_174' title='bbox 822 2265 992 2326; x_wconf 78' lang='lat' dir='ltr'><strong>sanctumque</strong></span> <span class='ocrx_word' id='word_1_175' title='bbox 1012 2261 1144 2309; x_wconf 64' lang='lat' dir='ltr'><strong>senatum</strong></span> <span class='ocrx_word' id='word_1_176' title='bbox 1164 2245 1209 2317; x_wconf 90' lang='lat' dir='ltr'><strong>qui</strong></span> <span class='ocrx_word' id='word_1_177' title='bbox 1226 2261 1318 2296; x_wconf 85' lang='lat' dir='ltr'><strong>versus</strong></span> 
     </span>
    </p>
   </div>
   <div class='ocr_carea' id='block_1_6' title="bbox 275 2323 1328 4150">
    <p class='ocr_par' dir='ltr' id='par_1_13' title="bbox 275 2323 1328 4150">
     <span class='ocr_line' id='line_1_21' title="bbox 275 2323 1317 2386; baseline -0.004 -9"><span class='ocrx_word' id='word_1_178' title='bbox 275 2328 371 2378; x_wconf 74' lang='lat' dir='ltr'><strong>sortito</strong></span> <span class='ocrx_word' id='word_1_179' title='bbox 402 2329 536 2383; x_wconf 83' lang='lat' dir='ltr'><strong>distribuit</strong></span> <span class='ocrx_word' id='word_1_180' title='bbox 560 2332 648 2386; x_wconf 82' lang='lat' dir='ltr'><strong>locunt</strong></span> <span class='ocrx_word' id='word_1_181' title='bbox 673 2333 773 2386; x_wconf 83' lang='lat' dir='ltr'><strong>aedibus</strong></span> <span class='ocrx_word' id='word_1_182' title='bbox 822 2336 891 2384; x_wconf 83' lang='lat' dir='ltr'><strong>forte</strong></span> <span class='ocrx_word' id='word_1_183' title='bbox 904 2351 934 2384; x_wconf 78' lang='lat' dir='ltr'><strong>ex</strong></span> <span class='ocrx_word' id='word_1_184' title='bbox 944 2331 996 2383; x_wconf 88' lang='lat' dir='ltr'><strong>ltoc</strong></span> <span class='ocrx_word' id='word_1_185' title='bbox 1008 2342 1099 2381; x_wconf 88' lang='lat' dir='ltr'><strong>nostro</strong></span> <span class='ocrx_word' id='word_1_186' title='bbox 1110 2325 1215 2378; x_wconf 88' lang='lat' dir='ltr'><strong>coaluit.</strong></span> <span class='ocrx_word' id='word_1_187' title='bbox 1228 2323 1317 2373; x_wconf 82' lang='lat' dir='ltr'><strong>Minus</strong></span> 
     </span>
     <span class='ocr_line' id='line_1_22' title="bbox 276 2407 1015 2462; baseline 0.003 -5"><span class='ocrx_word' id='word_1_188' title='bbox 276 2407 382 2458; x_wconf 86' lang='lat' dir='ltr'><strong>futuris.</strong></span> <span class='ocrx_word' id='word_1_189' title='bbox 408 2407 455 2459; x_wconf 87' lang='lat' dir='ltr'><strong>ltoc</strong></span> <span class='ocrx_word' id='word_1_190' title='bbox 483 2409 562 2460; x_wconf 78' lang='lat' dir='ltr'><strong>Ilium</strong></span> <span class='ocrx_word' id='word_1_191' title='bbox 587 2422 613 2462; x_wconf 83' lang='lat' dir='ltr'><strong>et</strong></span> <span class='ocrx_word' id='word_1_192' title='bbox 635 2411 689 2462; x_wconf 78' lang='lat' dir='ltr'><strong>ltaec</strong></span> <span class='ocrx_word' id='word_1_193' title='bbox 717 2411 774 2462; x_wconf 86' lang='lat' dir='ltr'><strong>loca</strong></span> <span class='ocrx_word' id='word_1_194' title='bbox 823 2411 1015 2462; x_wconf 84' lang='lat' dir='ltr'><strong>beneServius.</strong></span> 
     </span>
     <span class='ocr_line' id='line_1_23' title="bbox 278 2483 1317 2560; baseline -0.003 -26"><span class='ocrx_word' id='word_1_195' title='bbox 278 2484 399 2554; x_wconf 57' lang='lat' dir='ltr'><strong>frojam,</strong></span> <span class='ocrx_word' id='word_1_196' title='bbox 416 2487 600 2540; x_wconf 85' lang='lat' dir='ltr'><strong>recordatione</strong></span> <span class='ocrx_word' id='word_1_197' title='bbox 625 2501 651 2539; x_wconf 90' lang='lat' dir='ltr'><strong>et</strong></span> <span class='ocrx_word' id='word_1_198' title='bbox 676 2508 775 2558; x_wconf 72' lang='lat' dir='ltr'><strong>reprae-</strong></span> <span class='ocrx_word' id='word_1_199' title='bbox 860 2489 1023 2560; x_wconf 82' lang='lat'>759—761.</span> <span class='ocrx_word' id='word_1_200' title='bbox 1050 2486 1159 2538; x_wconf 84' lang='lat' dir='ltr'><strong>Veneris</strong></span> <span class='ocrx_word' id='word_1_201' title='bbox 1185 2485 1211 2534; x_wconf 93' lang='lat' dir='ltr'><strong>in</strong></span> <span class='ocrx_word' id='word_1_202' title='bbox 1235 2483 1317 2552; x_wconf 74' lang='lat' dir='ltr'><strong>Eryce</strong></span> 
     </span>
     <span class='ocr_line' id='line_1_24' title="bbox 278 2559 1318 2639; baseline -0.005 -24"><span class='ocrx_word' id='word_1_203' title='bbox 278 2569 427 2619; x_wconf 75' lang='lat' dir='ltr'><strong>sensatione</strong></span> <span class='ocrx_word' id='word_1_204' title='bbox 462 2568 496 2620; x_wconf 89' lang='lat' dir='ltr'><strong>ad</strong></span> <span class='ocrx_word' id='word_1_205' title='bbox 529 2571 645 2622; x_wconf 89' lang='lat' dir='ltr'><strong>animum</strong></span> <span class='ocrx_word' id='word_1_206' title='bbox 679 2573 774 2622; x_wconf 87' lang='lat' dir='ltr'><strong>veteris</strong></span> <span class='ocrx_word' id='word_1_207' title='bbox 824 2579 913 2618; x_wconf 89' lang='lat' dir='ltr'><strong>monte</strong></span> <span class='ocrx_word' id='word_1_208' title='bbox 930 2585 1009 2639; x_wconf 88' lang='lat' dir='ltr'><strong>supra</strong></span> <span class='ocrx_word' id='word_1_209' title='bbox 1026 2565 1178 2636; x_wconf 87' lang='lat' dir='ltr'><strong>Drepanum</strong></span> <span class='ocrx_word' id='word_1_210' title='bbox 1190 2559 1318 2631; x_wconf 89' lang='lat' dir='ltr'><strong>templum</strong></span> 
     </span>
     <span class='ocr_line' id='line_1_25' title="bbox 278 2639 1320 2716; baseline -0.006 -21"><span class='ocrx_word' id='word_1_211' title='bbox 278 2646 372 2714; x_wconf 81' lang='lat' dir='ltr'><strong>Trojtc,</strong></span> <span class='ocrx_word' id='word_1_212' title='bbox 382 2665 463 2716; x_wconf 86' lang='lat' dir='ltr'><strong>quum</strong></span> <span class='ocrx_word' id='word_1_213' title='bbox 472 2648 704 2700; x_wconf 85' lang='lat' dir='ltr'><strong>novamcoloninnt</strong></span> <span class='ocrx_word' id='word_1_214' title='bbox 714 2669 777 2701; x_wconf 90' lang='lat' dir='ltr'><strong>con·</strong></span> <span class='ocrx_word' id='word_1_215' title='bbox 824 2645 1016 2698; x_wconf 84' lang='lat' dir='ltr'><strong>nobilissimum</strong></span> <span class='ocrx_word' id='word_1_216' title='bbox 1030 2643 1064 2696; x_wconf 87' lang='lat' dir='ltr'><strong>ad</strong></span> <span class='ocrx_word' id='word_1_217' title='bbox 1080 2645 1209 2713; x_wconf 76' lang='lat' dir='ltr'><strong>&#39;l&#39;rojunos</strong></span> <span class='ocrx_word' id='word_1_218' title='bbox 1229 2639 1320 2692; x_wconf 89' lang='lat' dir='ltr'><strong>condi-</strong></span> 
     </span>
     <span class='ocr_line' id='line_1_26' title="bbox 280 2717 1319 2797; baseline -0.004 -23"><span class='ocrx_word' id='word_1_219' title='bbox 280 2723 368 2793; x_wconf 84' lang='lat' dir='ltr'><strong>deret‚</strong></span> <span class='ocrx_word' id='word_1_220' title='bbox 383 2726 451 2778; x_wconf 87' lang='lat' dir='ltr'><strong>hanc</strong></span> <span class='ocrx_word' id='word_1_221' title='bbox 464 2747 514 2797; x_wconf 91' lang='lat' dir='ltr'><strong>pro</strong></span> <span class='ocrx_word' id='word_1_222' title='bbox 526 2729 575 2780; x_wconf 90' lang='lat' dir='ltr'><strong>llio</strong></span> <span class='ocrx_word' id='word_1_223' title='bbox 587 2741 612 2780; x_wconf 84' lang='lat' dir='ltr'><strong>ct</strong></span> <span class='ocrx_word' id='word_1_224' title='bbox 624 2731 705 2797; x_wconf 82' lang='lat' dir='ltr'><strong>Troja</strong></span> <span class='ocrx_word' id='word_1_225' title='bbox 719 2748 775 2780; x_wconf 85' lang='lat' dir='ltr'><strong>esse</strong></span> <span class='ocrx_word' id='word_1_226' title='bbox 824 2738 895 2776; x_wconf 84' lang='lat' dir='ltr'><strong>tores</strong></span> <span class='ocrx_word' id='word_1_227' title='bbox 908 2726 1029 2776; x_wconf 80' lang='lat' dir='ltr'><strong>refertur.</strong></span> <span class='ocrx_word' id='word_1_228' title='bbox 1044 2723 1114 2776; x_wconf 85' lang='lat' dir='ltr'><strong>conf.</strong></span> <span class='ocrx_word' id='word_1_229' title='bbox 1128 2725 1235 2774; x_wconf 84' lang='lat' dir='ltr'><strong>Excurs.</strong></span> <span class='ocrx_word' id='word_1_230' title='bbox 1248 2721 1269 2770; x_wconf 99' lang='grc' dir='ltr'><strong>ΙΙ</strong></span> <span class='ocrx_word' id='word_1_231' title='bbox 1283 2717 1319 2770; x_wconf 83' lang='lat' dir='ltr'><strong>ad</strong></span> 
     </span>
     <span class='ocr_line' id='line_1_27' title="bbox 279 2803 1318 2869; baseline 0.006 -16"><span class='ocrx_word' id='word_1_232' title='bbox 279 2803 388 2854; x_wconf 85' lang='lat' dir='ltr'><strong>rnlt.·v.</strong></span> <span class='ocrx_word' id='word_1_233' title='bbox 411 2805 518 2856; x_wconf 81' lang='lat' dir='ltr'><strong>Excurs.</strong></span> <span class='ocrx_word' id='word_1_234' title='bbox 536 2809 555 2858; x_wconf 88' lang='lat'><strong>1.</strong></span> <span class='ocrx_word' id='word_1_235' title='bbox 576 2806 672 2858; x_wconf 86' lang='lat' dir='ltr'><strong>Similis</strong></span> <span class='ocrx_word' id='word_1_236' title='bbox 694 2808 775 2860; x_wconf 84' lang='lat' dir='ltr'><strong>facies</strong></span> <span class='ocrx_word' id='word_1_237' title='bbox 824 2803 851 2854; x_wconf 85' lang='lat' dir='ltr'><strong>b·</strong></span> <span class='ocrx_word' id='word_1_238' title='bbox 876 2804 893 2855; x_wconf 83' lang='lat' dir='ltr'><strong>l·</strong></span> <span class='ocrx_word' id='word_1_239' title='bbox 918 2803 1039 2855; x_wconf 65' lang='lat' dir='ltr'><strong>Anchisa*</strong></span> <span class='ocrx_word' id='word_1_240' title='bbox 1062 2816 1169 2868; x_wconf 73' lang='lat' dir='ltr'><strong>autem,</strong></span> <span class='ocrx_word' id='word_1_241' title='bbox 1192 2815 1318 2869; x_wconf 82' lang='lat' dir='ltr'><strong>tanquam</strong></span> 
     </span>
     <span class='ocr_line' id='line_1_28' title="bbox 278 2880 1318 2956; baseline 0.006 -24"><span class='ocrx_word' id='word_1_242' title='bbox 278 2881 352 2933; x_wconf 84' lang='lat' dir='ltr'><strong>urbis</strong></span> <span class='ocrx_word' id='word_1_243' title='bbox 365 2883 398 2933; x_wconf 82' lang='lat' dir='ltr'><strong>ab</strong></span> <span class='ocrx_word' id='word_1_244' title='bbox 411 2884 510 2935; x_wconf 81' lang='lat' dir='ltr'><strong>Heleno</strong></span> <span class='ocrx_word' id='word_1_245' title='bbox 522 2887 548 2936; x_wconf 88' lang='lat' dir='ltr'><strong>in</strong></span> <span class='ocrx_word' id='word_1_246' title='bbox 563 2886 644 2956; x_wconf 82' lang='lat' dir='ltr'><strong>Epiro</strong></span> <span class='ocrx_word' id='word_1_247' title='bbox 662 2885 774 2938; x_wconf 81' lang='lat' dir='ltr'><strong>condite</strong></span> <span class='ocrx_word' id='word_1_248' title='bbox 825 2881 914 2946; x_wconf 78' lang='lat' dir='ltr'><strong>heroi,</strong></span> <span class='ocrx_word' id='word_1_249' title='bbox 939 2881 1047 2934; x_wconf 82' lang='lat' dir='ltr'><strong>Flamen</strong></span> <span class='ocrx_word' id='word_1_250' title='bbox 1073 2900 1133 2932; x_wconf 86' lang='lat' dir='ltr'><strong>cum</strong></span> <span class='ocrx_word' id='word_1_251' title='bbox 1156 2880 1217 2931; x_wconf 83' lang='lat' dir='ltr'><strong>luco</strong></span> <span class='ocrx_word' id='word_1_252' title='bbox 1242 2893 1318 2929; x_wconf 80' lang='lat' dir='ltr'><strong>sacro</strong></span> 
     </span>
     <span class='ocr_line' id='line_1_29' title="bbox 280 2957 1318 3034; baseline -0.008 -21"><span class='ocrx_word' id='word_1_253' title='bbox 280 2981 339 3033; x_wconf 91' lang='lat' dir='ltr'><strong>sup.</strong></span> <span class='ocrx_word' id='word_1_254' title='bbox 350 2963 399 3026; x_wconf 85' lang='grc' dir='ltr'>ΙΙΙ,</span> <span class='ocrx_word' id='word_1_255' title='bbox 414 2963 466 3014; x_wconf 84' lang='lat'><strong>300</strong></span> <span class='ocrx_word' id='word_1_256' title='bbox 476 2981 515 3034; x_wconf 83' lang='lat' dir='ltr'><strong>sq.</strong></span> <span class='ocrx_word' id='word_1_257' title='bbox 825 2963 1001 3014; x_wconf 83' lang='lat' dir='ltr'><strong>constituitur.</strong></span> <span class='ocrx_word' id='word_1_258' title='bbox 1036 2959 1139 3012; x_wconf 84' lang='lat' dir='ltr'><strong>tumulo</strong></span> <span class='ocrx_word' id='word_1_259' title='bbox 1168 2957 1296 3011; x_wconf 77' lang='lat' dir='ltr'><strong>Anchiseo</strong></span> <span class='ocrx_word' id='word_1_260' title='bbox 1309 2977 1318 3005; x_wconf 88' lang='lat'><strong>.·</strong></span> 
     </span>
     <span class='ocr_line' id='line_1_30' title="bbox 316 3033 1320 3118; baseline -0.009 -23"><span class='ocrx_word' id='word_1_261' title='bbox 316 3043 374 3114; x_wconf 83' lang='lat'>757.</span> <span class='ocrx_word' id='word_1_262' title='bbox 390 3043 448 3113; x_wconf 76' lang='lat'>758.</span> <span class='ocrx_word' id='word_1_263' title='bbox 463 3061 558 3116; x_wconf 73' lang='lat' dir='ltr'><strong>reque,</strong></span> <span class='ocrx_word' id='word_1_264' title='bbox 571 3046 724 3118; x_wconf 71' lang='lat' dir='ltr'><strong>novaregni</strong></span> <span class='ocrx_word' id='word_1_265' title='bbox 734 3047 775 3098; x_wconf 89' lang='lat' dir='ltr'><strong>sui</strong></span> <span class='ocrx_word' id='word_1_266' title='bbox 825 3043 870 3112; x_wconf 89' lang='lat' dir='ltr'><strong>qui</strong></span> <span class='ocrx_word' id='word_1_267' title='bbox 883 3054 1052 3094; x_wconf 83' lang='lat' dir='ltr'><strong>consecratus</strong></span> <span class='ocrx_word' id='word_1_268' title='bbox 1075 3059 1124 3112; x_wconf 91' lang='lat' dir='ltr'><strong>pro</strong></span> <span class='ocrx_word' id='word_1_269' title='bbox 1146 3041 1209 3092; x_wconf 84' lang='lat' dir='ltr'><strong>fano</strong></span> <span class='ocrx_word' id='word_1_270' title='bbox 1231 3051 1277 3090; x_wconf 86' lang='lat' dir='ltr'><strong>est.</strong></span> <span class='ocrx_word' id='word_1_271' title='bbox 1292 3033 1320 3088; x_wconf 73' lang='lat' dir='ltr'><strong>cl</strong></span> 
     </span>
     <span class='ocr_line' id='line_1_31' title="bbox 281 3116 1320 3188; baseline -0.005 -13"><span class='ocrx_word' id='word_1_272' title='bbox 281 3126 447 3188; x_wconf 84' lang='lat' dir='ltr'><strong>accessione,</strong></span> <span class='ocrx_word' id='word_1_273' title='bbox 477 3143 547 3177; x_wconf 85' lang='lat' dir='ltr'><strong>nova</strong></span> <span class='ocrx_word' id='word_1_274' title='bbox 575 3125 648 3177; x_wconf 88' lang='lat' dir='ltr'><strong>urbe.</strong></span> <span class='ocrx_word' id='word_1_275' title='bbox 685 3125 778 3176; x_wconf 81' lang='lat' dir='ltr'><strong>indicit</strong></span> <span class='ocrx_word' id='word_1_276' title='bbox 824 3122 962 3188; x_wconf 55' lang='lat' dir='ltr'><strong>&#39;Aulestes</strong></span> <span class='ocrx_word' id='word_1_277' title='bbox 984 3121 1108 3174; x_wconf 83' lang='lat' dir='ltr'><strong>lucusest</strong></span> <span class='ocrx_word' id='word_1_278' title='bbox 1125 3116 1152 3172; x_wconf 75' lang='lat' dir='ltr'><strong>orl</strong></span> <span class='ocrx_word' id='word_1_279' title='bbox 1169 3119 1320 3185; x_wconf 66' lang='lat' dir='ltr'><strong>ripertosse</strong></span> 
     </span>
     <span class='ocr_line' id='line_1_32' title="bbox 276 3201 1263 3276; baseline -0.006 -22"><span class='ocrx_word' id='word_1_280' title='bbox 276 3203 378 3273; x_wconf 73' lang='lat' dir='ltr'><strong>fortem.</strong></span> <span class='ocrx_word' id='word_1_281' title='bbox 401 3203 519 3255; x_wconf 81' lang='lat' dir='ltr'><strong>Servius:</strong></span> <span class='ocrx_word' id='word_1_282' title='bbox 533 3219 633 3276; x_wconf 81' lang='lat' dir='ltr'><strong>tempus</strong></span> <span class='ocrx_word' id='word_1_283' title='bbox 651 3215 676 3255; x_wconf 85' lang='lat' dir='ltr'><strong>et</strong></span> <span class='ocrx_word' id='word_1_284' title='bbox 690 3203 775 3257; x_wconf 88' lang='lat' dir='ltr'><strong>locum</strong></span> <span class='ocrx_word' id='word_1_285' title='bbox 824 3203 912 3255; x_wconf 83' lang='lat' dir='ltr'><strong>Idalia</strong></span> <span class='ocrx_word' id='word_1_286' title='bbox 924 3205 1026 3256; x_wconf 85' lang='lat' dir='ltr'><strong>Venere</strong></span> <span class='ocrx_word' id='word_1_287' title='bbox 1041 3222 1064 3252; x_wconf 89' lang='lat' dir='ltr'><strong>v.</strong></span> <span class='ocrx_word' id='word_1_288' title='bbox 1080 3201 1148 3266; x_wconf 86' lang='lat' dir='ltr'><strong>adl,</strong></span> <span class='ocrx_word' id='word_1_289' title='bbox 1160 3201 1212 3252; x_wconf 82' lang='lat'><strong>680</strong></span> <span class='ocrx_word' id='word_1_290' title='bbox 1225 3218 1263 3268; x_wconf 83' lang='lat' dir='ltr'><strong>sq.</strong></span> 
     </span>
     <span class='ocr_line' id='line_1_33' title="bbox 282 3278 1328 3355; baseline -0.008 -21"><span class='ocrx_word' id='word_1_291' title='bbox 282 3283 574 3355; x_wconf 71' lang='lat' dir='ltr'><strong>desiqnathendorum</strong></span> <span class='ocrx_word' id='word_1_292' title='bbox 597 3285 776 3355; x_wconf 68' lang='lat' dir='ltr'><strong>nepotiorum,</strong></span> <span class='ocrx_word' id='word_1_293' title='bbox 862 3282 1024 3354; x_wconf 74' lang='lat'>762-764.</span> <span class='ocrx_word' id='word_1_294' title='bbox 1061 3278 1193 3348; x_wconf 74' lang='lat' dir='ltr'><strong>intellige,</strong></span> <span class='ocrx_word' id='word_1_295' title='bbox 1229 3293 1328 3326; x_wconf 51' lang='lat' dir='ltr'><strong>conse-¹</strong></span> 
     </span>
     <span class='ocr_line' id='line_1_34' title="bbox 282 3353 1321 3434; baseline -0.006 -22"><span class='ocrx_word' id='word_1_296' title='bbox 282 3362 330 3434; x_wconf 76' lang='lat' dir='ltr'><strong>qui</strong></span> <span class='ocrx_word' id='word_1_297' title='bbox 341 3372 481 3414; x_wconf 78' lang='lat' dir='ltr'><strong>converitur</strong></span> <span class='ocrx_word' id='word_1_298' title='bbox 495 3373 609 3413; x_wconf 80' lang='lat' dir='ltr'><strong>vocatur.</strong></span> <span class='ocrx_word' id='word_1_299' title='bbox 628 3361 713 3414; x_wconf 90' lang='lat' dir='ltr'><strong>Cerda</strong></span> <span class='ocrx_word' id='word_1_300' title='bbox 732 3365 778 3414; x_wconf 91' lang='lat' dir='ltr'><strong>rni-</strong></span> <span class='ocrx_word' id='word_1_301' title='bbox 827 3361 926 3413; x_wconf 90' lang='lat' dir='ltr'><strong>crando</strong></span> <span class='ocrx_word' id='word_1_302' title='bbox 936 3361 1056 3411; x_wconf 76' lang='lat' dir='ltr'><strong>Anchisa:</strong></span> <span class='ocrx_word' id='word_1_303' title='bbox 1064 3353 1160 3407; x_wconf 82' lang='lat' dir='ltr'><strong>sacello</strong></span> <span class='ocrx_word' id='word_1_304' title='bbox 1168 3369 1321 3422; x_wconf 87' lang='lat' dir='ltr'><strong>pernoretn</strong></span> 
     </span>
     <span class='ocr_line' id='line_1_35' title="bbox 282 3431 1323 3502; baseline -0.005 -11"><span class='ocrx_word' id='word_1_305' title='bbox 282 3455 332 3495; x_wconf 82' lang='lat' dir='ltr'><strong>nus</strong></span> <span class='ocrx_word' id='word_1_306' title='bbox 351 3443 419 3496; x_wconf 87' lang='lat' dir='ltr'><strong>bene</strong></span> <span class='ocrx_word' id='word_1_307' title='bbox 438 3443 471 3495; x_wconf 91' lang='lat' dir='ltr'><strong>de</strong></span> <span class='ocrx_word' id='word_1_308' title='bbox 491 3455 637 3494; x_wconf 80' lang='lat' dir='ltr'><strong>convocato</strong></span> <span class='ocrx_word' id='word_1_309' title='bbox 652 3462 722 3494; x_wconf 84' lang='lat' dir='ltr'><strong>novo</strong></span> <span class='ocrx_word' id='word_1_310' title='bbox 737 3461 777 3496; x_wconf 89' lang='lat' dir='ltr'><strong>se·</strong></span> <span class='ocrx_word' id='word_1_311' title='bbox 826 3441 882 3494; x_wconf 91' lang='lat' dir='ltr'><strong>dics</strong></span> <span class='ocrx_word' id='word_1_312' title='bbox 895 3443 976 3493; x_wconf 80' lang='lat' dir='ltr'><strong>fuisse</strong></span> <span class='ocrx_word' id='word_1_313' title='bbox 986 3455 1060 3489; x_wconf 86' lang='lat' dir='ltr'><strong>sacra</strong></span> <span class='ocrx_word' id='word_1_314' title='bbox 1073 3437 1158 3486; x_wconf 82' lang='lat' dir='ltr'><strong>facta:</strong></span> <span class='ocrx_word' id='word_1_315' title='bbox 1172 3431 1323 3502; x_wconf 84' lang='lat' dir='ltr'><strong>nrisfuctus</strong></span> 
     </span>
     <span class='ocr_line' id='line_1_36' title="bbox 282 3511 1322 3594; baseline -0.008 -23"><span class='ocrx_word' id='word_1_316' title='bbox 282 3535 360 3578; x_wconf 66' lang='lat' dir='ltr'><strong>natur</strong></span> <span class='ocrx_word' id='word_1_317' title='bbox 373 3522 420 3574; x_wconf 88' lang='lat' dir='ltr'><strong>sed</strong></span> <span class='ocrx_word' id='word_1_318' title='bbox 424 3523 517 3593; x_wconf 80' lang='lat' dir='ltr'><strong>forum</strong></span> <span class='ocrx_word' id='word_1_319' title='bbox 527 3541 587 3574; x_wconf 84' lang='lat' dir='ltr'><strong>curn</strong></span> <span class='ocrx_word' id='word_1_320' title='bbox 597 3536 689 3575; x_wconf 86' lang='lat' dir='ltr'><strong>senatu</strong></span> <span class='ocrx_word' id='word_1_321' title='bbox 699 3527 777 3594; x_wconf 90' lang='lat' dir='ltr'><strong>junc-</strong></span> <span class='ocrx_word' id='word_1_322' title='bbox 827 3520 914 3572; x_wconf 82' lang='lat' dir='ltr'><strong>honos.</strong></span> <span class='ocrx_word' id='word_1_323' title='bbox 927 3519 989 3588; x_wconf 88' lang='lat' dir='ltr'><strong>Sup.</strong></span> <span class='ocrx_word' id='word_1_324' title='bbox 1005 3535 1029 3565; x_wconf 89' lang='lat' dir='ltr'><strong>v.</strong></span> <span class='ocrx_word' id='word_1_325' title='bbox 1043 3513 1077 3580; x_wconf 74' lang='grc'><strong>64</strong></span> <span class='ocrx_word' id='word_1_326' title='bbox 1089 3525 1115 3563; x_wconf 90' lang='lat' dir='ltr'><strong>et</strong></span> <span class='ocrx_word' id='word_1_327' title='bbox 1131 3511 1179 3578; x_wconf 68' lang='lat'><strong>104</strong></span> <span class='ocrx_word' id='word_1_328' title='bbox 1189 3512 1261 3565; x_wconf 90' lang='lat' dir='ltr'><strong>luctu</strong></span> <span class='ocrx_word' id='word_1_329' title='bbox 1272 3533 1322 3584; x_wconf 83' lang='lat' dir='ltr'><strong>per</strong></span> 
     </span>
     <span class='ocr_line' id='line_1_37' title="bbox 283 3593 1320 3673; baseline -0.004 -24"><span class='ocrx_word' id='word_1_330' title='bbox 283 3611 340 3650; x_wconf 87' lang='lat' dir='ltr'><strong>turn</strong></span> <span class='ocrx_word' id='word_1_331' title='bbox 347 3599 419 3652; x_wconf 87' lang='lat' dir='ltr'><strong>haud</strong></span> <span class='ocrx_word' id='word_1_332' title='bbox 428 3603 508 3654; x_wconf 85' lang='lat' dir='ltr'><strong>dubie</strong></span> <span class='ocrx_word' id='word_1_333' title='bbox 517 3602 550 3655; x_wconf 90' lang='lat' dir='ltr'><strong>ad</strong></span> <span class='ocrx_word' id='word_1_334' title='bbox 556 3603 775 3673; x_wconf 79' lang='lat' dir='ltr'><strong>judiciaspectrt.</strong></span> <span class='ocrx_word' id='word_1_335' title='bbox 825 3617 920 3650; x_wconf 81' lang='lat' dir='ltr'><strong>novem</strong></span> <span class='ocrx_word' id='word_1_336' title='bbox 931 3597 986 3646; x_wconf 87' lang='lat' dir='ltr'><strong>dies</strong></span> <span class='ocrx_word' id='word_1_337' title='bbox 1001 3595 1169 3659; x_wconf 83' lang='lat' dir='ltr'><strong>continuato,</strong></span> <span class='ocrx_word' id='word_1_338' title='bbox 1190 3613 1261 3646; x_wconf 91' lang='lat' dir='ltr'><strong>nono</strong></span> <span class='ocrx_word' id='word_1_339' title='bbox 1276 3593 1320 3645; x_wconf 86' lang='lat' dir='ltr'><strong>die</strong></span> 
     </span>
     <span class='ocr_line' id='line_1_38' title="bbox 283 3673 1318 3748; baseline -0.009 -17"><span class='ocrx_word' id='word_1_340' title='bbox 283 3679 379 3731; x_wconf 82' lang='lat' dir='ltr'><strong>AEnens</strong></span> <span class='ocrx_word' id='word_1_341' title='bbox 389 3679 491 3747; x_wconf 83' lang='lat' dir='ltr'><strong>judicia</strong></span> <span class='ocrx_word' id='word_1_342' title='bbox 503 3683 652 3744; x_wconf 83' lang='lat' dir='ltr'><strong>constituit,</strong></span> <span class='ocrx_word' id='word_1_343' title='bbox 666 3700 720 3732; x_wconf 88' lang='lat' dir='ltr'><strong>rern</strong></span> <span class='ocrx_word' id='word_1_344' title='bbox 734 3683 778 3748; x_wconf 80' lang='lat' dir='ltr'><strong>ju·</strong></span> <span class='ocrx_word' id='word_1_345' title='bbox 826 3677 924 3728; x_wconf 84' lang='lat' dir='ltr'><strong>fiebant</strong></span> <span class='ocrx_word' id='word_1_346' title='bbox 945 3691 1018 3724; x_wconf 82' lang='lat' dir='ltr'><strong>sacra</strong></span> <span class='ocrx_word' id='word_1_347' title='bbox 1043 3685 1068 3725; x_wconf 89' lang='lat' dir='ltr'><strong>et</strong></span> <span class='ocrx_word' id='word_1_348' title='bbox 1086 3673 1151 3725; x_wconf 89' lang='lat' dir='ltr'><strong>ludi.</strong></span> <span class='ocrx_word' id='word_1_349' title='bbox 1173 3676 1211 3727; x_wconf 85' lang='lat' dir='ltr'><strong>Ita</strong></span> <span class='ocrx_word' id='word_1_350' title='bbox 1232 3687 1256 3727; x_wconf 85' lang='lat' dir='ltr'><strong>et</strong></span> <span class='ocrx_word' id='word_1_351' title='bbox 1274 3693 1318 3744; x_wconf 93' lang='lat' dir='ltr'><strong>ap.</strong></span> 
     </span>
     <span class='ocr_line' id='line_1_39' title="bbox 285 3749 1322 3831; baseline -0.003 -24"><span class='ocrx_word' id='word_1_352' title='bbox 285 3757 575 3822; x_wconf 70' lang='lat' dir='ltr'><strong>dicioriarndescribit5</strong></span> <span class='ocrx_word' id='word_1_353' title='bbox 589 3772 644 3811; x_wconf 89' lang='lat' dir='ltr'><strong>turn</strong></span> <span class='ocrx_word' id='word_1_354' title='bbox 661 3760 779 3831; x_wconf 79' lang='lat' dir='ltr'><strong>patribus</strong></span> <span class='ocrx_word' id='word_1_355' title='bbox 827 3749 960 3806; x_wconf 68' lang='lat' dir='ltr'><strong>llo&#39;manos</strong></span> <span class='ocrx_word' id='word_1_356' title='bbox 983 3752 1144 3806; x_wconf 80' lang='lat' dir='ltr'><strong>novemdiale</strong></span> <span class='ocrx_word' id='word_1_357' title='bbox 1160 3773 1261 3808; x_wconf 86' lang='lat' dir='ltr'><strong>sacrum</strong></span> <span class='ocrx_word' id='word_1_358' title='bbox 1274 3751 1322 3804; x_wconf 80' lang='lat' dir='ltr'><strong>tlu-</strong></span> 
     </span>
     <span class='ocr_line' id='line_1_40' title="bbox 286 3831 1322 3910; baseline -0.004 -24"><span class='ocrx_word' id='word_1_359' title='bbox 286 3833 396 3898; x_wconf 77' lang='lat' dir='ltr'><strong>vocatis,</strong></span> <span class='ocrx_word' id='word_1_360' title='bbox 410 3850 502 3888; x_wconf 88' lang='lat' dir='ltr'><strong>senatu</strong></span> <span class='ocrx_word' id='word_1_361' title='bbox 515 3838 583 3892; x_wconf 85' lang='lat' dir='ltr'><strong>lecto</strong></span> <span class='ocrx_word' id='word_1_362' title='bbox 597 3853 780 3910; x_wconf 80' lang='lat' dir='ltr'><strong>atqueconro·</strong></span> <span class='ocrx_word' id='word_1_363' title='bbox 827 3833 891 3906; x_wconf 83' lang='lat' dir='ltr'><strong>plici</strong></span> <span class='ocrx_word' id='word_1_364' title='bbox 907 3831 986 3884; x_wconf 88' lang='lat' dir='ltr'><strong>modo</strong></span> <span class='ocrx_word' id='word_1_365' title='bbox 1006 3833 1106 3885; x_wconf 87' lang='lat' dir='ltr'><strong>dictum</strong></span> <span class='ocrx_word' id='word_1_366' title='bbox 1125 3852 1181 3886; x_wconf 91' lang='lat' dir='ltr'><strong>csse</strong></span> <span class='ocrx_word' id='word_1_367' title='bbox 1200 3833 1322 3902; x_wconf 80' lang='lat' dir='ltr'><strong>ridetur,</strong></span> 
     </span>
     <span class='ocr_line' id='line_1_41' title="bbox 287 3911 1322 3986; baseline -0.001 -23"><span class='ocrx_word' id='word_1_368' title='bbox 287 3913 417 3978; x_wconf 84' lang='lat' dir='ltr'><strong>cato,dat</strong></span> <span class='ocrx_word' id='word_1_369' title='bbox 436 3917 514 3984; x_wconf 77' lang='lat' dir='ltr'><strong>jttra,</strong></span> <span class='ocrx_word' id='word_1_370' title='bbox 534 3918 567 3970; x_wconf 89' lang='lat' dir='ltr'><strong>ad</strong></span> <span class='ocrx_word' id='word_1_371' title='bbox 588 3919 711 3971; x_wconf 85' lang='lat' dir='ltr'><strong>Senatum</strong></span> <span class='ocrx_word' id='word_1_372' title='bbox 728 3919 780 3969; x_wconf 85' lang='lat' dir='ltr'><strong>fert</strong></span> <span class='ocrx_word' id='word_1_373' title='bbox 830 3915 906 3965; x_wconf 86' lang='lat' dir='ltr'><strong>aliter</strong></span> <span class='ocrx_word' id='word_1_374' title='bbox 929 3915 955 3964; x_wconf 91' lang='lat' dir='ltr'><strong>in</strong></span> <span class='ocrx_word' id='word_1_375' title='bbox 979 3911 1105 3986; x_wconf 73' lang='lat' dir='ltr'><strong>prodigiis</strong></span> <span class='ocrx_word' id='word_1_376' title='bbox 1129 3913 1322 3984; x_wconf 83' lang='lat' dir='ltr'><strong>procurandis,</strong></span> 
     </span>
     <span class='ocr_line' id='line_1_42' title="bbox 286 3991 1323 4066; baseline -0.004 -21"><span class='ocrx_word' id='word_1_377' title='bbox 286 3994 319 4045; x_wconf 87' lang='lat' dir='ltr'><strong>de</strong></span> <span class='ocrx_word' id='word_1_378' title='bbox 332 3995 407 4045; x_wconf 84' lang='lat' dir='ltr'><strong>novis</strong></span> <span class='ocrx_word' id='word_1_379' title='bbox 417 3994 518 4066; x_wconf 74' lang='lat' dir='ltr'><strong>legibus</strong></span> <span class='ocrx_word' id='word_1_380' title='bbox 527 3998 681 4051; x_wconf 83' lang='lat' dir='ltr'><strong>scribendis.</strong></span> <span class='ocrx_word' id='word_1_381' title='bbox 692 4017 750 4060; x_wconf 82' lang='lat' dir='ltr'><strong>sup.</strong></span> <span class='ocrx_word' id='word_1_382' title='bbox 759 3999 780 4062; x_wconf 79' lang='grc' dir='ltr'><strong>Ι,</strong></span> <span class='ocrx_word' id='word_1_383' title='bbox 831 3991 904 4065; x_wconf 88' lang='lat' dir='ltr'><strong>quod</strong></span> <span class='ocrx_word' id='word_1_384' title='bbox 914 3995 1012 4046; x_wconf 86' lang='lat' dir='ltr'><strong>facturn</strong></span> <span class='ocrx_word' id='word_1_385' title='bbox 1025 4013 1072 4065; x_wconf 86' lang='lat' dir='ltr'><strong>per</strong></span> <span class='ocrx_word' id='word_1_386' title='bbox 1084 4013 1178 4046; x_wconf 85' lang='lat' dir='ltr'><strong>norem</strong></span> <span class='ocrx_word' id='word_1_387' title='bbox 1190 3993 1262 4059; x_wconf 85' lang='lat' dir='ltr'><strong>dies,</strong></span> <span class='ocrx_word' id='word_1_388' title='bbox 1277 3991 1323 4043; x_wconf 88' lang='lat' dir='ltr'><strong>ali-</strong></span> 
     </span>
     <span class='ocr_line' id='line_1_43' title="bbox 287 4071 1320 4150; baseline -0.005 -26"><span class='ocrx_word' id='word_1_389' title='bbox 287 4074 339 4141; x_wconf 74' lang='lat'><strong>426</strong></span> <span class='ocrx_word' id='word_1_390' title='bbox 354 4075 422 4126; x_wconf 86' lang='lat' dir='ltr'><strong>Jura</strong></span> <span class='ocrx_word' id='word_1_391' title='bbox 439 4075 671 4150; x_wconf 64' lang='lat' dir='ltr'><strong>magistratumque</strong></span> <span class='ocrx_word' id='word_1_392' title='bbox 691 4076 783 4150; x_wconf 69' lang='lat' dir='ltr'><strong>lepunt</strong></span> <span class='ocrx_word' id='word_1_393' title='bbox 830 4087 870 4128; x_wconf 88' lang='lat' dir='ltr'><strong>ter</strong></span> <span class='ocrx_word' id='word_1_394' title='bbox 887 4075 913 4126; x_wconf 88' lang='lat' dir='ltr'><strong>in</strong></span> <span class='ocrx_word' id='word_1_395' title='bbox 934 4077 1025 4127; x_wconf 85' lang='lat' dir='ltr'><strong>sunere</strong></span> <span class='ocrx_word' id='word_1_396' title='bbox 1046 4089 1117 4124; x_wconf 86' lang='lat' dir='ltr'><strong>nouo</strong></span> <span class='ocrx_word' id='word_1_397' title='bbox 1133 4071 1184 4125; x_wconf 89' lang='lat' dir='ltr'><strong>dic.</strong></span> <span class='ocrx_word' id='word_1_398' title='bbox 1195 4071 1320 4146; x_wconf 41' lang='lat' dir='ltr'><strong>&#39;Ceterum</strong></span> 
     </span>
    </p>
   </div>
   <div class='ocr_carea' id='block_1_7' title="bbox 0 0 1518 4694">
    <p class='ocr_par' dir='ltr' id='par_1_14' title="bbox 0 0 1518 4694">
     <span class='ocr_line' id='line_1_44' title="bbox 0 0 1518 4694; baseline 0 0"><span class='ocrx_word' id='word_1_399' title='bbox 0 0 1518 4694; x_wconf 95' lang='lat' dir='ltr'><strong> </strong></span> 
     </span>
    </p>
   </div>
  </div>
 </body>
</html>
