2996 4694
437 389 672 455 AENEIDOS
695 390 850 454 LIBER
871 390 911 452 V.

158 518 286 581 Cornea
297 514 373 580 bina
386 515 498 580 ferunt
509 516 641 605 praefixo
654 516 783 582 hastilia
796 516 901 594 ferro,

157 623 235 685 Pars
245 620 327 685 levis
338 621 479 686 humero
490 622 673 711 pharetras;
686 624 711 686 it
722 639 858 710 pectore
870 642 999 686 summo

158 727 288 791 Flexilis
301 725 421 792 obtorti
433 750 494 816 per
505 729 627 794 collum
639 730 782 794 circulus
794 728 876 793 auri.

158 833 234 896 Tris
247 833 395 921 equitum
408 857 549 899 numero
563 851 693 913 turmae,
707 837 860 925 ternique
872 850 1033 922 vagantur

159 940 337 1019 Ductores,
350 941 445 1028 pueri
457 941 508 1006 bis
520 943 591 1006 seui
605 963 773 1030 quemque
786 942 890 1006 secuti

159 1045 298 1131 Agmine
310 1047 431 1132 partito
444 1046 586 1134 fulgent,
600 1045 803 1135 paribusque
815 1046 989 1132 magistris,

160 1149 236 1212 Una
248 1151 333 1213 acies
341 1149 519 1239 juvenum,
533 1151 626 1216 ducit
640 1173 738 1240 quam
751 1171 871 1238 pervus
884 1166 1037 1214 ovantem

160 1257 292 1321 Nomen
303 1255 355 1318 avi
368 1255 515 1320 referens
528 1257 689 1336 Priamus,
703 1273 759 1322 tua
772 1257 873 1336 clera,
888 1256 1006 1334 Polite,

162 1360 355 1448 Progenies,
369 1377 504 1426 auctura
517 1362 632 1443 Italos;
646 1385 746 1452 quem
758 1361 920 1428 Thracius
933 1360 1015 1424 albis
1164 1372 1207 1418 set

162 1471 276 1534 Portet
288 1491 393 1558 equus
405 1467 533 1535 bicolor
544 1471 695 1551 maculis,
710 1472 844 1559 vestigia
856 1471 955 1559 primi

195 1622 246 1682 557.
261 1629 343 1684 qenmt
358 1619 407 1667 d'uo
421 1621 499 1666 Heius.
515 1620 611 1684 proefieu
628 1620 650 1666 Ιι.
661 1621 728 1684 ferro
738 1623 824 1670 Medic.
840 1624 906 1668 Rom.
924 1633 948 1668 et
959 1619 1073 1685 quiequid
1089 1621 1210 1682 antiquio-

163 1707 215 1737 rum
232 1703 265 1737 eet
276 1691 384 1739 codicum
396 1707 433 1753 ap.
446 1693 505 1738 Pier.
519 1705 542 1738 et
557 1693 637 1739 lleiue.
649 1695 686 1740 sic
696 1709 791 1758 qnoque
804 1695 851 1740 Eri.
865 1707 888 1740 et
899 1695 972 1740 nottri
984 1691 1068 1746 ooth..
1087 1691 1131 1736 niti
1144 1689 1209 1751 quod

163 1775 216 1809 tert.
227 1777 313 1824 presse.
331 1763 420 1808 Tamen
429 1763 524 1826 profixo
536 1779 565 1809 ex
576 1763 654 1826 rulgg.
670 1764 724 1810 edd.
743 1765 825 1811 llamb.
845 1781 880 1827 pr.
895 1781 907 1810 a
922 1779 953 1808 m.
965 1778 1000 1825 pr.
1018 1773 1042 1808 et
1053 1762 1143 1822 liugan.
1162 1775 1212 1806 ter·

163 1844 248 1878 uerunt
261 1833 339 1878 lleina.
352 1849 377 1878 ac
391 1835 549 1888 Burmannus,
566 1835 607 1897 qui
622 1847 744 1898 utramque
756 1834 882 1883 lectionem
895 1837 927 1881 eit
938 1833 1037 1886 babere,
1049 1847 1097 1894 quo
1109 1845 1133 1876 re
1145 1841 1212 1874 tuet-

163 1913 210 1947 tur.
230 1901 299 1947 Recte
315 1902 424 1964 quidem,
443 1903 484 1950 ted
494 1904 590 1965 prefixa
602 1903 624 1948 Ιι.
630 1905 654 1966 f.
667 1917 701 1952 eet
713 1909 785 1967 magia
797 1907 929 1968 poeticum,
941 1905 991 1950 auri
1003 1917 1058 1950 vero
1070 1903 1142 1963 magia
1153 1912 1211 1944 con-

165 1971 262 2026 sulitur,
281 1973 300 2017 ei
315 1973 409 2035 praefixo
426 1972 491 2034 legit.
506 1999 539 2010 -
554 1975 607 2021 558.
622 1977 723 2039 Parsque
736 1975 794 2022 leues
810 1975 900 2039 aliquot
916 1993 953 2038 ap.
970 1976 1062 2028 Burm,
1080 1985 1128 2016 uon
1139 1968 1212 2024 male,

165 2040 208 2085 aed
224 2042 337 2085 intrusum
354 2057 397 2104 que
414 2040 562 2089 librariorum
576 2061 655 2100 more5
676 2058 700 2091 et
717 2057 796 2092 tuetur
815 2045 912 2092 alterum
927 2044 999 2091 codd.
1017 2043 1149 2088 auctoritas.
1168 2037 1213 2082 hu·

168 2112 235 2154 meris
249 2108 297 2155 duo
310 2112 387 2155 Burm.
400 2109 517 2173 phanum
532 2111 624 2160 humero
637 2114 707 2160 Goth.
720 2128 772 2162 tert.
787 2139 818 2151 -
830 2115 882 2162 558.
896 2118 947 2176 559.
962 2113 1061 2173 Vulgata
1075 2111 1145 2156 lectio
1158 2107 1182 2152 h.
1198 2106 1214 2152 l.

169 2181 247 2224 sanior
257 2192 292 2225 eet
300 2183 405 2226 omnium
414 2182 521 2227 codicum
531 2187 641 2230 varietate
654 2197 707 2230 nata
720 2201 747 2232 ex
759 2185 886 2248 depravato
898 2188 916 2230 t't
926 2188 951 2230 in
964 2187 987 2229 t'tt
997 2181 1034 2229 vel
1044 2189 1079 2233 et,
1089 2178 1152 2224 unde
1163 2191 1215 2222 mox

170 2253 189 2296 t't
199 2253 225 2296 in
234 2265 299 2314 tequ.
310 2267 378 2297 versu
390 2253 501 2298 intertum
514 2253 551 2300 rel
562 2267 615 2316 poet
626 2254 707 2302 obtorti
718 2256 755 2301 vel
764 2269 817 2318 poet
828 2254 911 2301 collum
923 2254 959 2302 vel
971 2252 1006 2299 ΓΙ.
1021 2256 1038 2298 it
1050 2253 1107 2296 torti.
1120 2266 1141 2294 ιι.
1154 2249 1215 2293 Pier.

172 2323 252 2368 lleina.
268 2335 291 2368 et
303 2323 428 2368 burmann.
439 2347 470 2359 -
482 2325 534 2370 560.
550 2328 616 2382 Tres,
635 2330 699 2382 treis,
716 2330 755 2372 tris
767 2327 866 2389 legitur;
877 2325 921 2372 hoc
933 2339 985 2372 eum
997 2323 1121 2369 Mediceo:
1134 2331 1159 2365 ut
1169 2319 1217 2378 jam

170 2393 227 2440 inde
239 2393 268 2438 ab
279 2395 300 2449 l,
316 2394 365 2440 108.
380 2403 458 2441 turmae
467 2412 560 2443 numero
571 2400 637 2444 Rom.
650 2412 674 2446 et
682 2401 774 2462 Menag.
785 2417 833 2462 pn,
845 2401 992 2446 inconcinne.
1005 2397 1100 2458 trinique
1109 2393 1176 2438 Witt.
1186 2415 1218 2426 -

172 2463 226 2511 562.
237 2464 334 2528 Aqmiue
344 2466 453 2512 Botrend.
463 2483 498 2529 pr.
511 2485 523 2514 a
536 2484 567 2514 m.
579 2484 625 2516 tec.
635 2495 667 2506 -
677 2470 729 2516 563.
741 2472 809 2516 Vana
817 2471 909 2532 Menag.
921 2468 960 2514 alt.
971 2481 1054 2530 purvot
1065 2465 1144 2518 60ῦί
1156 2472 1183 2506 ¹¹²
1194 2471 1218 2507 θ(

173 2535 226 2597 569.
236 2560 268 2570 -
277 2534 329 2591 564.
339 2538 428 2582 Nomen
436 2541 477 2601 qui
487 2539 567 2584 Franc.
580 2538 664 2587 Polites
675 2541 762 2588 Medic.
774 2559 788 2589 e
799 2558 830 2588 ιιι.
842 2557 878 2604 pr.
891 2557 944 2588 curn
957 2540 1030 2586 tribue
1041 2535 1092 2582 aliie
1104 2536 1182 2580 Heius.
1196 2543 1220 2578 et

171 2619 239 2670 perte
248 2608 416 2654 Pierianorum.
427 2635 458 2645 -
465 2610 517 2657 565.
528 2621 608 2658 actura
617 2611 708 2677 aliquot
716 2614 794 2660 Burm.
804 2639 836 2650 -
846 2613 897 2660 566.
909 2611 989 2660 br'colot
999 2608 1068 2658 Goth.
1079 2619 1131 2655 tert.
1140 2607 1218 2668 primu

173 2741 357 2795 Macriverba.
368 2737 439 2795 conf.
455 2743 561 2798 Sueten.
574 2748 667 2800 Octar.
717 2747 868 2820 qistrt'svid.
887 2766 945 2818 sup.
965 2766 989 2797 v.
1008 2742 1067 2810 546.
1087 2742 1166 2792 Forte
1184 2735 1219 2788 ad

173 2819 223 2886 ⁴3,
241 2821 312 2874 unde
334 2824 454 2894 inprimis
473 2835 591 2898 torquem
609 2847 670 2880 mox
719 2840 820 2880 turmae
844 2829 974 2898 majorum
1001 2837 1143 2893 puerorum
1165 2833 1219 2867 ree-

173 2919 229 2953 nou
248 2901 349 2972 absque
366 2905 477 2956 consilio
494 2922 670 2960 memoratum
720 2894 1217 2978 pexitrv.Sueton.Jul.39,0ctet'·33-

175 2981 275 3032 videas.
290 2984 358 3035 Nam
371 2984 430 3036 558.
446 2984 496 3056 559
508 3001 600 3040 ornate
608 3008 672 3060 pro,
722 2986 820 3038 Parrus
836 2985 881 3038 hic
897 2987 1016 3036 Priamus
1031 2975 1220 3038 volitantibus,

177 3073 300 3128 torquem
316 3061 385 3112 collo
397 3067 536 3134 gestabant
552 3087 672 3120 aureum.
722 3069 818 3120 Priami
834 3069 902 3138 regia
921 3081 1014 3135 nepot.
1033 3063 1072 3112 De
1088 3057 1172 3108 Polite
1185 3054 1221 3104 cf.

179 3139 214 3190 cf·
228 3139 275 3188 inl·
288 3139 326 3202 Χ,
342 3140 398 3209 137-
422 3143 477 3196 138.
490 3145 550 3196 auri
561 3147 674 3211 obtorti,
722 3146 798 3198 lliad.
807 3147 837 3206 β,
850 3163 896 3216 7⁰¹
911 3158 938 3196 et
947 3161 1006 3212 ¹nup.
1015 3139 1108 3200 libll,
1121 3135 1221 3203 526sq.

179 3219 256 3280 torti;
270 3230 299 3268 ut
311 3215 428 3285 cupierit.
723 3235 834 3275 auctura
848 3223 937 3276 Italos.
950 3220 1068 3275 Servius:
1081 3213 1223 3267 Polites-

216 3296 375 3366 560-576,
393 3299 470 3350 Pueri
483 3301 675 3353 iuereomnino
725 3304 756 3354 de
769 3322 821 3375 quo
842 3309 902 3355 Cato
922 3303 950 3353 in
969 3297 1121 3371 Oriqiru'but
1141 3291 1223 3354 dicit,

179 3379 288 3431 XXXVI
300 3397 360 3429 cum
373 3381 449 3430 trinis
460 3378 632 3445 ductoribus,
650 3384 677 3434 in
726 3381 797 3451 quod
808 3383 842 3432 ad
852 3382 869 3430 1
872 3380 963 3432 taliam
975 3377 1076 3430 venerit
1082 3412 1091 3438 ‚
1104 3384 1129 3423 et
1139 3387 1223 3442 seqre·

180 3474 234 3512 tres
246 3473 342 3512 turmas
353 3459 495 3531 descripti:
510 3480 677 3534 unaquaeque
724 3460 841 3533 quiusab
850 3461 935 3510 AEneu
943 3455 1088 3508 condiderit
1098 3450 1224 3522 oppidum

181 3554 269 3592 turma
294 3540 342 3591 xli
367 3541 493 3611 capitum.
520 3542 677 3593 Ternarinm
726 3539 883 3592 Politorium
901 3557 918 3586 a
937 3553 984 3586 suo
1004 3532 1117 3584 nomine.
1133 3531 1224 3583 Paullo

182 3636 321 3672 numerum
340 3619 373 3670 ad
393 3634 445 3672 tres
464 3620 492 3671 P.
512 3622 543 3672 li.
562 3622 679 3674 tribuae
727 3632 790 3692 post
799 3621 827 3670 in
838 3616 912 3690 equis
920 3635 945 3666 v.
957 3614 1008 3666 565
1017 3630 1057 3684 aq.
1071 3625 1225 3684 argutantur

181 3699 295 3752 Romulo
314 3700 446 3752 institutas
458 3703 540 3754 refert
555 3701 677 3765 Serriue3
728 3702 817 3771 lutpp.
835 3696 907 3758 albas
926 3691 1043 3746 maculas
1056 3710 1116 3743 mox
1134 3694 1161 3744 in
1180 3693 1226 3745 ali·

182 3780 275 3832 saltem
286 3778 425 3830 Centuriaa
432 3792 485 3832 tres
496 3783 615 3851 equitum
625 3799 679 3834 ree·
727 3797 781 3853 qua
795 3777 932 3849 praecipua
941 3784 1016 3844 parte
1031 3770 1161 3824 declarari
1176 3791 1227 3842 pu·

183 3861 237 3931 piei
247 3860 334 3911 dicere
345 3857 468 3910 debebat.
482 3861 516 3911 cf.
529 3862 583 3912 Liv.
597 3863 622 3927 l,
637 3865 676 3916 13.
727 3875 768 3924 te,
782 3861 809 3910 in
827 3856 957 3930 pedibus,
976 3869 1042 3922 quoa
1061 3853 1167 3922 poetica
1183 3871 1227 3902 ra-

184 3939 236 3992 Sed
256 3942 358 3992 ornavit
377 3953 458 4010 poeta
469 3940 557 3994 locum
575 3946 678 4016 egregie
727 3942 814 4003 tione,
825 3935 909 4009 primi
921 3932 1026 4005 vestiqr'a
1040 3930 1128 4002 pedis,
1145 3929 1227 3996 dixit,

184 4037 291 4085 eorum,
303 4020 349 4088 qui
362 4031 461 4071 turmas
474 4017 620 4086 ducebant,
633 4039 679 4074 no-
728 4035 755 4074 et
764 4022 791 4070 in
804 4019 903 4070 fronte.
916 4015 982 4066 Sunt
997 4013 1042 4082 qui
1055 4021 1162 4081 putent,
1174 4011 1229 4060 llo-

184 4099 300 4153 minibus
311 4111 336 4152 et
346 4100 420 4170 equis
433 4098 610 4154 declarandis.
627 4121 680 4154 nea·
728 4119 829 4154 merurn
849 4096 928 4152 lliad.
946 4096 979 4161 ψ,
1000 4091 1050 4162 453
1067 4099 1152 4160 poetoe
1168 4099 1229 4138 ante

883 4202 896 4249 i
