3022 4682
309 443 369 507 180
552 441 586 504 Ρ.
611 439 843 504 Vl-RGlLll
867 442 1098 509 Mauortis

301 565 403 644 Dixit,
418 581 450 628 et
461 579 536 627 ante
550 563 624 627 tulit
637 586 800 650 gressum,
815 585 1015 656 camposque
1028 567 1161 631 nitentis

301 672 453 758 Desuper
464 685 620 749 ostentat,
635 668 755 734 dehinc
768 693 895 734 summa
908 673 1078 736 cacumina
1090 673 1256 761 linquunt.

343 781 385 840 At
396 793 490 865 pater
501 774 659 840 Anchises
672 776 803 862 penitus
816 777 964 841 convalle
977 777 1096 842 virenti

301 883 447 945 Inclusas
459 882 598 959 animas,
612 903 838 971 superumque
850 881 892 946 ad
904 883 1016 946 lumen
1030 883 1146 962 ituras,

300 987 474 1052 Lustrabat
485 986 596 1052 studio
609 987 773 1067 recolens,
788 1009 988 1077 omnemque
1001 1010 1137 1052 suorum

299 1096 397 1158 Forte
411 1090 602 1157 recensebat
614 1115 805 1172 numerum,
819 1115 979 1182 carosque
992 1109 1146 1182 nepotes,

299 1202 458 1288 Fataque,
473 1198 689 1287 fortunasque
703 1200 824 1277 virum,
838 1222 1031 1289 moresque,
1045 1187 1238 1286 manusque.

299 1307 397 1394 lsque
409 1303 467 1367 ubi
480 1301 672 1367 tendentem
685 1301 860 1367 adversum
874 1326 934 1391 per
946 1305 1092 1390 gramina
1103 1301 1185 1366 vidit

298 1413 436 1487 AEnean,
450 1408 564 1471 alacris
577 1407 702 1494 palmas
715 1423 870 1496 utrasque
883 1407 1039 1488 tetendit;

297 1515 487 1601 Effusaeque
500 1512 592 1599 genis
604 1507 762 1591 lacrimae,
776 1528 810 1576 et
821 1535 885 1576 vox
897 1511 1017 1576 excidit
1029 1535 1103 1576 ore:

1298 894 1345 942 680

1295 1419 1342 1467 685

326 1690 380 1751 677.
394 1702 485 1752 pressus
498 1687 591 1748 Menafl.
605 1701 651 1732 sec.
667 1710 699 1720 -
715 1686 768 1748 678.
788 1687 819 1731 Et
837 1702 906 1750 super
918 1686 1016 1735 Dor-vill.
1035 1695 1148 1734 ostentant
1166 1687 1239 1748 fragm
1268 1687 1344 1734 vaste.

296 1777 356 1805 am.
375 1775 411 1821 pr.
428 1757 497 1802 Goth.
513 1769 565 1802 tert.
584 1757 681 1802 ostendit
699 1756 746 1801 duo
765 1759 843 1802 Burin.
864 1757 933 1803 Goth.
953 1773 999 1804 sec.
1017 1770 1040 1802 et
1059 1756 1097 1801 ed.
1112 1757 1172 1801 Ven.
1190 1753 1269 1820 linquit
1284 1757 1346 1802 Ven.

298 1830 399 1894 linquent
405 1830 487 1874 Fratre.
497 1825 600 1890 linquant
609 1827 682 1883 eud,
693 1826 756 1873 tande
766 1826 856 1896 illatum
866 1842 915 1874 crat
927 1827 956 1874 ab
966 1830 1068 1875 Heinsio.
1080 1852 1112 1862 -
1122 1828 1176 1890 679.
1187 1830 1210 1870 in
1219 1825 1277 1873 vane
1289 1829 1346 1874 Par·

296 1903 358 1949 rhas.
371 1915 394 1948 et
405 1903 465 1946 Ven.
477 1916 530 1946 cum
541 1898 600 1945 valle
612 1899 660 1944 duo
672 1898 721 1944 alii.
735 1902 816 1945 nitenti
824 1916 861 1962 pr.
875 1901 956 1946 llamh.
970 1900 1032 1946 Male
1044 1900 1067 1945 h.
1081 1899 1097 1944 l.
1109 1901 1187 1945 Nitcre
1197 1902 1258 1946 enim
1271 1899 1345 1946 reler-

297 1985 335 2019 tur
347 1973 376 2019 ad
388 1972 478 2018 cultum
489 1970 601 2017 locorum.
614 1970 661 2015 rid.
674 1971 728 2015 Not.
741 1969 803 2016 Male
816 1973 884 2016 etiam
897 1974 989 2018 Servius
999 1974 1078 2034 jungit
1085 1974 1174 2034 peniteas
1185 1973 1275 2026 veienti,
1291 1987 1346 2016 cum

296 2049 337 2102 sit,
348 2047 437 2108 penitus
449 2047 472 2088 in
480 2041 546 2088 valle.
554 2041 644 2088 -68ο,
658 2039 802 2106 inclususque
811 2058 847 2104 pr.
858 2043 940 2088 llamb.
951 2041 1050 2088 illustres
1061 2043 1166 2090 Parthas.
1179 2042 1210 2087 ad
1219 2040 1284 2087 lim
1296 2040 1345 2086 duo

297 2117 377 2162 lleins.
390 2131 417 2160 ac
430 2114 477 2160 duo
489 2115 570 2168 Burm,
587 2129 640 2159 cum
652 2115 719 2158 trinis
734 2112 818 2168 Goth,
834 2114 898 2176 quod
915 2117 993 2162 amari
1005 2115 1084 2176 possit.
1101 2113 1221 2159 Sed'conl.
1235 2112 1277 2158 tut.
1290 2112 1345 2172 829.

295 2213 327 2223 -
339 2185 393 2232 682.
406 2199 510 2230 nunwros
521 2185 616 2230 Excurs.
628 2185 707 2230 Burin.
719 2181 837 2248 clarasque
849 2185 887 2230 ed.
899 2185 959 2230 Dan.
970 2210 1001 2220 -
1012 2183 1066 2229 683.
1086 2185 1199 2246 Factaque
1213 2183 1293 2227 Frene.
1304 2195 1346 2244 pe-

296 2273 384 2322 tituque
394 2256 452 2302 alios
464 2255 542 2317 legere
555 2257 645 2302 Pierius
658 2255 687 2302 ad
699 2259 826 2318 marginem
839 2269 972 2312 notaverat,
984 2255 1026 2302 sed
1037 2255 1129 2302 videtur
1142 2270 1170 2300 ex
1181 2253 1345 2299 emendatione

297 2329 441 2390 proiectum
454 2328 509 2388 quia
520 2325 642 2374 obscurius
652 2338 699 2382 est,
711 2325 769 2388 quid
784 2341 864 2372 nianus
875 2329 912 2372 sit.

297 2476 381 2528 altera
409 2489 485 2546 parte
511 2475 586 2528 collis
612 2474 793 2541 descendunt,

297 2555 415 2606 discessu
434 2553 535 2606 scilieet
557 2574 571 2604 a
589 2556 689 2605 Musaeo
711 2555 793 2606 lacto.

296 2651 400 2704 campos
410 2633 534 2696 nitentes,
545 2652 594 2704 pro
606 2635 715 2686 amoenis
723 2652 794 2686 nunc

297 2711 371 2762 dixit.
381 2711 447 2781 Sup.
460 2712 556 2782 Georg.
570 2713 594 2776 l,
611 2713 658 2764 153
671 2711 704 2764 de
721 2712 795 2765 cultu

297 2789 397 2843 dictum
406 2805 471 2856 erat,
478 2790 591 2842 nitentia
598 2790 681 2858 culta,
692 2805 718 2846 et
725 2812 795 2864 saepe

298 2871 351 2924 ulii.

332 2952 385 3022 679
415 2969 474 3022 sqq.
502 2951 541 3003 De
566 2969 680 3004 occursu
703 2956 794 3006 matris

297 3032 397 3103 Ulyssis
409 3030 539 3082 nonnulla
548 3033 576 3081 in
587 3032 697 3083 similem
710 3035 794 3084 ratio-

298 3131 358 3163 nem
371 3123 433 3162 suut
444 3109 516 3180 apud
530 3110 687 3174 Homerum,
699 3111 793 3182 Odyss.

297 3207 324 3252 λ,
342 3190 385 3244 151
402 3209 474 3261 sqq.;
485 3189 532 3241 sed
545 3189 619 3241 locus
633 3189 677 3242 hic
689 3191 722 3242 de
739 3192 795 3242 An·

297 3270 368 3322 chisa
380 3269 506 3341 preclare
519 3288 535 3320 a
545 3269 656 3340 Virgilio
669 3283 709 3322 est
727 3283 797 3324 trac·

297 3363 376 3402 tatus.
394 3347 541 3400 Artilicium
557 3362 642 3419 poeta
661 3352 796 3421 egregium

297 3431 325 3482 in
337 3430 405 3494 hoc,
423 3427 495 3500 quod
517 3427 644 3480 Anchises
663 3428 715 3480 hoc
736 3433 795 3502 ipso

298 3524 418 3580 tempore
439 3509 466 3558 in
486 3525 595 3559 recensu
609 3509 756 3560 animarum
769 3511 796 3560 in

296 3587 366 3642 hanc
390 3590 470 3640 vitam
491 3589 695 3638 transiturarum
716 3606 797 3640 occu-

298 3682 377 3738 patus
408 3669 441 3720 ab
472 3669 554 3718 AEnea
579 3665 795 3736 deprehenditur.

299 3747 426 3798 'l'raduxit
440 3748 510 3797 euim
520 3761 614 3817 poeta,
631 3759 657 3799 et
667 3751 796 3800 convertit

298 3829 326 3877 in
339 3845 393 3878 rein
406 3843 480 3877 suam
499 3839 573 3878 vetus
592 3825 659 3878 illud
675 3826 796 3897 philoso-

299 3906 438 3978 phantium
460 3905 602 3974 placitum,
627 3925 680 3978 quo
705 3909 796 3959 atrimae

296 3989 351 4054 jam
365 3997 424 4036 ante
437 3985 496 4035 vitat
505 3984 583 4054 liujus
598 3989 744 4058 ingressum
757 4007 798 4039 ex·

301 4066 392 4117 sistere
415 4075 551 4134 putantur.
573 4066 632 4116 iam
656 4067 688 4116 iis
709 4079 796 4117 certus

300 4143 374 4196 lacus
387 4154 444 4196 erat
456 4142 644 4213 assignandus,
657 4145 700 4195 cui
714 4145 797 4197 inclu-

844 2497 878 2530 sae
890 2489 989 2540 essent;
1001 2475 1152 2528 docendum
1164 2491 1260 2544 porro,
1272 2471 1344 2525 unde

845 2559 871 2608 in
888 2576 947 2608 cum
960 2558 1049 2608 locum
1062 2567 1147 2607 essent
1160 2552 1289 2604 deductae.
1302 2554 1345 2603 lta

844 2637 1030 2707 opportunitas
1043 2633 1107 2684 data
1119 2630 1227 2704 mythis,
1245 2631 1344 2701 partim

844 2729 874 2766 ut
896 2715 985 2767 locum
1007 2715 1155 2766 accuratius
1178 2711 1345 2774 declararet,

844 2796 942 2867 partim
962 2807 991 2844 ut
1012 2805 1153 2860 statueret,
1180 2793 1280 2842 animas
1298 2807 1343 2842 eas

841 2877 897 2944 jam
919 2886 997 2926 autea
1014 2872 1132 2924 humana
1153 2887 1267 2940 corpora
1286 2870 1344 2920 ani-

844 2969 944 3017 masse,
956 2955 1063 3024 vitaque
1077 2954 1181 3002 functas
1195 2951 1222 3000 in
1239 2967 1270 3000 ea
1282 2947 1343 3000 loca

844 3031 1021 3083 descendisse.
1033 3033 1112 3100 Atqui
1122 3029 1166 3080 hic
1175 3045 1264 3080 rursus
1274 3045 1343 3078 nova

845 3110 1012 3181 conjectandi
1030 3111 1187 3174 necessitas,
1207 3105 1342 3177 quomodo

845 3195 952 3256 animae,
972 3191 1091 3263 corporis
1111 3189 1234 3259 contagio
1252 3200 1346 3239 conta·

845 3273 962 3333 minata,
972 3272 1042 3321 vitiis
1053 3283 1079 3322 et
1092 3267 1224 3321 error-ilius
1233 3267 1345 3318 liberari

844 3354 963 3424 possint,
977 3364 1022 3403 aut
1041 3349 1133 3402 iisdem
1153 3351 1180 3400 in
1197 3348 1276 3412 locis,
1296 3361 1343 3398 aut

845 3446 987 3503 antequam
1000 3448 1031 3482 ea
1044 3431 1070 3480 in
1080 3429 1140 3481 loca
1152 3429 1342 3499 pervenissent.

845 3543 880 3552 -
889 3513 948 3565 680.
963 3508 1089 3572 inclusas,
1102 3509 1227 3561 collectas
1236 3507 1344 3559 inhunc

845 3590 942 3643 locum.
955 3590 1009 3640 vid.
1023 3590 1069 3640 ini.
1084 3589 1135 3659 705
1147 3607 1220 3660 seqq.
1239 3585 1344 3639 Recoli-

846 3689 920 3734 mns,
948 3671 1036 3720 animo
1060 3671 1168 3740 proprie
1194 3669 1345 3740 preterita,

845 3748 889 3801 hie
908 3767 931 3798 v.
952 3750 999 3802 681
1023 3749 1109 3820 simpl.
1133 3765 1281 3810 recensere,
1301 3765 1346 3797 ex·

847 3831 961 3899 quii-ere,
972 3842 998 3880 et
1010 3829 1147 3882 addiscere
1160 3831 1249 3880 futura
1262 3828 1343 3890 facta,

847 3922 872 3960 et
884 3927 925 3960 res
939 3910 1043 3960 fortiter
1059 3923 1154 3981 gestas.
1167 3937 1201 3947 -
1214 3907 1273 3960 683·
1286 3924 1344 3955 ma-

847 4007 908 4056 nus,
922 4007 969 4042 seu
979 3991 1116 4054 virtutem,
1129 4007 1175 4042 seu
1184 3991 1253 4040 facta
1261 3984 1345 4037 iutel-

846 4066 906 4138 lige.
918 4069 985 4122 Nam
992 4070 1112 4138 jejunum
1122 4081 1204 4134 esset,
1217 4065 1251 4116 de
1263 4063 1345 4116 turba

848 4165 879 4198 ac
891 4165 1002 4201 numero
1015 4148 1144 4218 accipere.
