3022 4682
457 399 691 472 assinos
715 405 868 470 utana
889 399 952 471 tr.
1165 431 1225 498 109

184 533 254 596 Vos
266 552 401 621 quoque
412 531 598 619 Pergameae
606 531 675 622 jam
688 533 735 596 fas
749 547 797 596 est
809 552 943 619 parcere
956 531 1058 618 genti,

185 638 295 727 Dique
309 633 446 726 deaeque
459 659 588 718 omnes,
603 637 723 728 quihus
736 636 863 701 obstitit
875 636 986 715 ilium,
1000 653 1033 702 et
1045 637 1159 726 ingens

184 743 297 809 Gloria
309 743 492 808 Dardaniae.
505 745 640 833 Tuque,
654 743 891 808 osanctissirna
901 759 1005 823 vates,
1195 755 1227 806 σε

185 850 321 940 Praescia
334 851 476 930 venturi,
492 849 547 930 da,
561 870 628 914 non
642 847 788 914 indebita
800 868 902 936 posco

186 957 299 1043 Regna
310 957 391 1020 meis
405 957 492 1034 latis,
506 956 600 1020 Latio
612 951 785 1020 considere
796 953 960 1031 Teucros,

185 1062 398 1151 Errantisque
411 1060 506 1139 deos,
519 1061 704 1148 agitataque
717 1058 853 1122 numina
864 1057 984 1147 Trojae.

184 1167 274 1230 Tum
288 1166 413 1231 Phoeho
426 1183 458 1230 et
469 1166 590 1228 Triviae
603 1163 710 1230 solido
723 1162 764 1228 de
777 1185 941 1228 marmore
954 1163 1129 1252 templum,

218 1335 257 1382 63.
267 1338 353 1398 parcite
365 1333 454 1398 aliquot
466 1335 526 1380 Pier.
539 1333 604 1397 quod
619 1344 641 1378 et
655 1335 730 1396 iprum
742 1332 835 1396 plaeere
850 1344 933 1395 potest.
946 1333 974 1377 At
986 1348 1030 1379 nec
1044 1332 1135 1396 vulgata
1146 1335 1229 1393 hahet,

188 1406 252 1469 quod
264 1421 349 1452 novare
364 1421 457 1451 necesse
471 1407 508 1450 sit.
523 1430 553 1441 -
567 1402 605 1460 66.
619 1402 677 1449 mun
689 1413 711 1448 et
725 1402 821 1450 Dorvill.
837 1401 895 1449 Ilion
909 1406 984 1467 inqeos
998 1403 1037 1448 alii
1052 1405 1136 1462 Pierii,
1151 1406 1233 1470 lapsu,

188 1492 258 1540 quem
271 1475 326 1522 alias
335 1492 430 1538 quoque
440 1476 547 1522 vidimus.
554 1500 585 1511 -
592 1475 629 1520 65.
640 1475 797 1520 Dardanidum
807 1473 844 1520 ed.
856 1475 915 1520 Ven.
924 1473 999 1518 --66Ι
1011 1475 1074 1519 Bene
1083 1477 1230 1526 Burmannus

187 1547 291 1593 distinxit
301 1545 428 1610 pausetis,
441 1559 466 1592 ut
477 1549 507 1592 sit
517 1563 522 1591 ι
532 1547 562 1590 da
571 1547 635 1590 lutto
643 1545 757 1591 emundere
769 1547 874 1590 Tettcros.
885 1545 913 1590 Et
921 1546 953 1590 sic
960 1545 1009 1606 jam
1020 1543 1075 1591 inde
1084 1545 1113 1591 ab
1123 1547 1182 1594 Aldo
1192 1551 1229 1593 in·

185 1629 359 1680 terpunrerant.
369 1615 412 1661 Alii
424 1618 456 1662 sio
469 1617 512 1661 :do
522 1619 576 1675 (oon
588 1617 602 1659 i.
611 1617 688 1676 posco)
698 1616 773 1679 116966
786 1613 842 1676 m.f.
851 1639 883 1650 -
891 1613 928 1675 67.
941 1616 1061 1658 consulere
1070 1614 1135 1661 Bora.
1147 1629 1170 1662 et
1182 1616 1228 1663 ali·

185 1701 243 1751 quot
255 1686 334 1742 codd,
344 1685 403 1749 quos
415 1689 511 1733 Ursinus
522 1685 624 1741 viderat,
635 1683 704 1731 Goth.
715 1700 761 1731 sec.
773 1701 826 1730 eum
838 1684 911 1730 tribus
920 1699 958 1745 ap.
968 1683 1056 1739 Burm,
1067 1698 1180 1748 perpetua
1192 1705 1230 1734 va·

184 1761 274 1805 rietate.
285 1757 315 1804 cl.
327 1759 466 1821 t,572.111,
481 1759 521 1804 166
535 1770 558 1804 et
570 1755 600 1802 al.
611 1781 642 1793 -
652 1755 689 1818 69.
704 1755 786 1820 templo
800 1755 876 1819 66199.
888 1754 942 1802 edd.
952 1767 1005 1801 ante
1020 1756 1098 1801 Beinr.
1111 1769 1134 1804 et
1146 1759 1228 1816 codd,

184 1829 226 1876 sed
235 1829 283 1875 iere
293 1831 442 1886 recentiores,
453 1843 478 1876 ut
488 1843 534 1877 tres
544 1827 613 1876 Goth.
622 1830 650 1874 Bt
661 1841 753 1890 poterat
762 1828 821 1874 illud
834 1828 941 1890 placere,
954 1829 1067 1889 quoniam
1072 1828 1102 1874 de
1112 1845 1159 1876 uno
1169 1844 1228 1878 tem-

184 1900 225 1964 plo
235 1903 312 1946 Biante
322 1917 375 1946 cum
385 1899 492 1964 Apolline
500 1901 578 1947 dicato
588 1901 665 1946 Bornae
674 1915 721 1946 non
731 1899 858 1945 constabat.
868 1897 1029 1962 spanhemius,
1038 1902 1085 1961 jam
1095 1901 1229 1949 Burmanno

185 1971 305 2026 laudatus,
320 1972 349 2018 de
364 1987 406 2019 usu
419 1987 443 2019 et
453 1985 528 2035 prsrst.
541 1973 609 2017 Num.
621 1973 649 2016 Τ.
661 1972 695 2026 ll,
709 1988 733 2033 p.
748 1987 791 2031 ¹²9
802 1987 829 2016 er
840 1973 943 2018 Varrone
956 1972 999 2015 LL.
1012 1972 1044 2014 vt
1058 1971 1126 2018 ailert
1135 1973 1228 2030 locum,

185 2041 250 2088 uode
260 2039 386 2086 Noctilucae
396 2041 507 2104 templum
517 2045 542 2087 in
554 2041 642 2087 Palatio
653 2041 739 2096 fuisse,
751 2041 775 2086 h.
789 2057 810 2086 e.
820 2042 914 2097 nianae,
927 2053 1023 2086 coastat·
1036 2043 1158 2089 Enimvero
1171 2044 1229 2092 slie-

184 2128 243 2158 num
257 2112 302 2158 hoe
316 2113 345 2158 ab
359 2113 382 2159 h.
395 2113 411 2158 l.
421 2131 427 2168 ;
439 2129 492 2159 narn
502 2113 599 2158 obseura
609 2112 687 2175 aliqua
699 2111 761 2158 sedet
771 2127 820 2157 non
829 2123 943 2173 poterata
957 2123 1027 2173 poeta
1039 2117 1229 2171 commemorem

186 2184 229 2231 sed
238 2186 273 2246 agi
285 2199 377 2230 necesse
389 2196 423 2230 est
435 2185 464 2230 de
474 2185 563 2230 reiecto
573 2183 614 2229 illo
625 2195 647 2252 et
657 2183 765 2228 dedicato
777 2183 806 2227 ah
818 2187 920 2244 Augusto
935 2185 974 2240 (a.
986 2179 1038 2227 Vit'r
1053 2184 1116 2245 Virg.
1128 2185 1189 2246 726)
1207 2197 1231 2232 et

186 2257 255 2300 toties
265 2253 383 2300 celebrato
393 2271 405 2300 a
417 2257 492 2316 poetis
504 2253 592 2316 templo
602 2251 716 2315 Apollinis
728 2251 835 2298 Palatini.
848 2254 896 2298 Neo
905 2253 977 2298 refert
990 2251 1071 2314 templo
1082 2269 1111 2299 an
1124 2254 1230 2317 templum

185 2325 249 2388 legas
258 2325 339 2372 :aliter
349 2329 423 2380 enirn,
438 2341 507 2389 quam
522 2324 551 2370 de
560 2341 608 2370 uno
616 2324 658 2370 illo
668 2322 770 2386 templo,
782 2323 870 2370 dictum
880 2338 924 2369 nec
933 2323 1031 2369 alterum
1043 2327 1149 2387 accipies.
1160 2328 1232 2372 Erant

186 2399 211 2442 in
227 2397 271 2442 hoo
285 2395 371 2459 templo
383 2395 483 2460 pensiles
495 2395 621 2460 lychnuchi
639 2412 667 2441 ex
679 2411 723 2440 tere
737 2395 849 2440 mirande
862 2397 929 2451 artis,
943 2409 1001 2456 quas
1015 2394 1145 2443 Alexander
1156 2401 1229 2460 captis

187 2467 274 2514 Thehit
284 2467 387 2530 Apollini
399 2470 424 2512 in
433 2469 503 2531 Cyme
513 2462 548 2525 (ir
561 2460 642 2527 Κύμῃ)
653 2463 747 2510 AEolidis
758 2465 886 2520 dicaverat,
903 2481 940 2526 ap.
953 2463 1014 2510 Plio.
1025 2465 1127 2522 xxxlv,
1143 2465 1156 2514 3
1170 2483 1188 2514 t.
1202 2467 1228 2524 B,

187 2551 247 2599 quos
258 2552 380 2600 perperam
392 2536 517 2600 Spanhem.
527 2535 544 2580 1.
555 2551 575 2580 6.
589 2537 613 2579 16
627 2534 700 2581 sedem
712 2533 839 2582 Noctiluca
846 2532 970 2580 transtulit.

186 2675 292 2728 Sicanio
307 2687 434 2748 praetenta
451 2677 511 2728 sinu
529 2673 615 2729 insula
631 2675 682 2742 111,
731 2694 777 2728 nos
792 2677 939 2741 considera,
955 2693 1034 2746 qnam
1047 2679 1162 2748 graviter
1178 2682 1229 2734 itta

185 2755 245 2825 696.
262 2755 348 2808 Italiae
356 2756 488 2830 sapientis
499 2756 552 2808 vid.
570 2774 628 2826 sup.
642 2756 681 2821 V,
730 2774 755 2809 v.
768 2756 810 2826 67.
825 2755 868 2810 68.
881 2755 980 2828 agitato
992 2757 1104 2808 numina
1118 2773 1228 2828 penates

186 2834 246 2906 629.
262 2837 374 2908 Trojano
379 2836 506 2908 fortuna,
520 2835 632 2889 adversa
644 2853 680 2886 sc.
731 2841 777 2909 qui
798 2837 878 2890 modo
903 2850 1021 2890 errantes
1045 2851 1141 2902 erant;
1166 2861 1229 2894 nam

185 2917 248 2967 Mox
260 2917 372 2978 ohstt'tit‚·
386 2935 443 2988 quta
455 2916 572 2970 consiliis
585 2917 682 2967 nostris
731 2917 859 2969 euntibus
870 2916 1017 2988 epitomur,
1030 2934 1164 2970 vexamur.

187 2995 334 3060 ohsistunt‚
347 2998 431 3050 invisa
443 3011 513 3048 sant.
766 2996 888 3066 69-74.
900 2994 941 3046 Ad
953 2996 1081 3067 templum
1090 2999 1118 3048 in
1127 2998 1229 3051 Palatio

223 3073 350 3128 65-68.
363 3073 430 3126 Vide
448 3093 473 3125 v.
492 3075 527 3140 84
545 3093 603 3145 sqq.
623 3075 683 3138 Da,
733 3074 766 3127 ah
790 3076 910 3147 Augusto
932 3077 1033 3127 factum
1059 3078 1172 3146 respici,
1200 3091 1231 3128 ut

187 3152 479 3216 Serviuscdic,utrum
490 3151 685 3222 possimusoou·
732 3156 827 3207 AEneas
858 3173 889 3207 ex
918 3169 1087 3226 posterorum
1114 3175 1231 3227 persona

183 3226 285 3291 'tidem
297 3228 375 3282 male.
388 3231 422 3280 At
434 3241 505 3280 recto
519 3231 684 3280 Burmannus
733 3247 796 3285 vota
811 3235 906 3297 iaciat,
921 3235 975 3304 jam
992 3233 1096 3285 Servius
1118 3239 1230 3287 notavit.

189 3313 300 3364 alteram
316 3311 563 3381 interpretationem
579 3319 684 3359 tuetur:
734 3313 768 3363 cl.
786 3313 894 3365 Sueton.
907 3313 1000 3366 Oetav.
1017 3332 1058 3383 ²9·
1076 3315 1113 3365 Ex
1127 3317 1231 3387 Virgilii

189 3392 312 3456 da,tac,
333 3390 466 3455 effice,ut
485 3387 599 3459 passim,
614 3404 639 3437 v.
662 3405 684 3437 6.
735 3404 823 3442 autern
843 3392 930 3444 verbis
949 3395 992 3443 vix
1016 3392 1092 3444 aliter
1113 3397 1229 3462 sentias,

187 3473 300 3542 Xll‚97.
313 3469 404 3522 Solent
417 3481 504 3522 autem
517 3469 545 3520 in
555 3467 686 3518 vaticiniis
736 3487 831 3541 quam,
844 3489 903 3521 oum
915 3471 1054 3541 Apolline,
1064 3471 1155 3524 Dianas
1166 3493 1232 3545 quo·

188 3553 311 3604 notiones
331 3549 371 3602 hae
387 3551 456 3601 inter
475 3566 502 3600 se
523 3547 685 3618 permutari,
735 3566 786 3618 que
817 3549 903 3599 sorori
929 3547 1057 3619 templum
1084 3550 1231 3607 Palatinum

188 3643 233 3696 ut,
246 3647 306 3681 eum
318 3627 499 3690 diversoum,
510 3624 685 3697 proedieereet
734 3627 816 3680 fnisse
837 3641 1040 3691 consecratum
1060 3643 1089 3684 ut
1110 3633 1137 3682 in
1161 3633 1230 3687 ludis

188 3710 313 3784 praedicto
325 3705 438 3780 efficere,
447 3719 519 3759 vates
533 3719 621 3758 tamen
635 3705 685 3757 sibi
734 3707 904 3761 saecularibus
918 3709 1029 3780 aliisque
1041 3713 1122 3763 sacris
1132 3731 1229 3766 conso-

190 3803 329 3864 arrogent,
342 3801 388 3840 out
399 3787 541 3839 utvatihus
553 3785 686 3838 tribuatur
734 3789 809 3840 ciotae
829 3790 904 3842 fuere
923 3793 1060 3861 utriusque
1078 3793 1226 3867 religiones.

190 3869 370 3924 alterumhoc..
380 3869 471 3937 ltaque
484 3865 610 3918 aestibus
620 3881 684 3937 pos·
733 3867 814 3938 Apud
825 3870 942 3938 Propert.
956 3871 990 3935 11,
1004 3869 1051 3935 31,
1064 3873 1093 3925 15
1106 3873 1228 3950 legimus,

189 3951 302 4001 tulatutn
329 3949 455 4021 legimus,
472 3959 502 3997 ut
521 3944 631 3997 meliora
654 3965 684 3998 66
734 3949 838 4020 signum
860 3947 990 4020 Apollinis
1014 3953 1042 4003 in
1069 3972 1100 4006 eo
1128 3957 1228 4029 templo

189 4029 293 4082 latiora
311 4028 471 4100 praedicant,
484 4044 516 4078 ac
533 4027 553 4076 si
572 4025 623 4096 ipsi
640 4045 684 4078 re·
734 4030 802 4080 inter
813 4029 940 4082 Latonam
951 4043 977 4084 et
988 4033 1099 4086 Dianam
1112 4036 1228 4092 medium

190 4127 250 4162 rum
268 4121 363 4166 eventa
378 4107 530 4182 disponant.
553 4107 618 4174 Pro,
635 4105 685 4180 foc
734 4107 849 4162 stetisse:
862 4109 964 4166 Deinde
974 4112 1042 4168 inter
1051 4125 1159 4168 matrem
1167 4116 1230 4168 deur
