2956 4680
302 332 366 416 iss
648 333 913 400 excursus
937 304 987 398 1v'

298 455 429 526 AEpyptus
437 465 462 506 et
470 454 546 520 Indi,
558 455 648 508 Omnis
658 456 755 521 Arabs,
766 475 852 508 omnes
864 458 995 508 vertebant
1005 467 1074 526 terga
1085 457 1178 511 Sabat.
1188 461 1266 512 Talis
1273 477 1330 512 reru
1416 492 1417 502 .

299 531 469 600 reprehensio
482 534 628 600 hominem,
641 536 704 586 artis
716 535 784 586 forte
797 534 890 586 notitia
903 535 1045 598 imbutum,
1058 538 1176 606 poetices
1187 539 1281 606 utique
1291 539 1333 586 im·

297 613 412 679 peritum
425 627 552 683 argueret.
567 613 612 664 Est
624 615 692 666 enim
707 615 758 665 hoc
771 617 797 664 in
810 626 889 683 poeta
906 626 997 664 nostro
1014 634 1109 687 magno
1122 619 1232 686 ingenio
1245 630 1271 668 et
1283 631 1333 668 arte

297 689 414 756 sactum,
430 693 501 762 quod
519 706 640 744 ornatum
654 696 744 762 injecit
761 706 894 763 tamquam
913 705 1013 745 vestem
1028 698 1187 746 narrationis
1206 695 1333 756 nuditati,

299 785 348 818 nec
361 773 423 822 satis
435 791 491 824 esse
504 775 620 844 putavit,
638 772 787 826 describere
807 791 874 843 opus
895 775 1069 838 toreutieum‚
1089 777 1117 826 in
1134 778 1211 843 cujus
1228 776 1333 826 veritate

299 849 428 900 servanda
445 851 544 903 nullam
557 853 606 904 sibi
619 851 726 904 videbat
744 851 896 923 religionem
913 870 967 904 esse
979 854 1138 924 impositam.
1158 855 1217 905 Nec
1234 853 1285 904 hoe
1302 849 1334 902 ad

302 939 383 978 artem
397 932 525 999 pertinet,
538 943 582 982 ant
596 933 763 983 excusatione
776 930 971 999 adjuvandum,
984 944 1029 982 aut
1041 933 1110 984 inter
1122 933 1245 1001 poeticas
1256 931 1334 981 licen·

301 1008 352 1056 tias
369 1009 552 1074 referendum,
572 1011 643 1080 quod
658 1013 707 1062 viri
722 1011 794 1061 docti
807 1011 909 1062 faciunt
923 1011 1013 1081 (Misc.
1026 1011 1103 1062 Obss.
1120 1013 1197 1061 Tom.
1211 1013 1239 1074 l,
1254 1029 1280 1081 p.
1295 1025 1331 1060 ro.

301 1085 352 1148 IV,
366 1107 390 1157 p.
408 1091 471 1158 198,
484 1103 509 1141 et
522 1092 660 1142 Burmann.
675 1089 701 1140 h.
713 1091 730 1141 Ι.
745 1090 779 1142 ad
791 1092 862 1156 vtn,
875 1091 941 1158 634,
956 1104 981 1143 et
996 1089 1030 1142 ad
1042 1092 1098 1144 AEn.
1110 1093 1138 1156 l,
1150 1091 1234 1162 483);
1249 1107 1335 1141 verum

301 1169 420 1236 poetices
433 1168 472 1220 lex
486 1183 510 1220 et
524 1184 618 1222 natura
629 1172 717 1222 lacere
727 1171 820 1240 jubet,
832 1183 862 1221 ut
872 1188 913 1221 res
927 1170 960 1221 ab
974 1184 1029 1221 arte
1042 1187 1179 1240 expressas
1192 1171 1224 1222 iis
1238 1167 1334 1220 auxiliis

302 1258 327 1296 et
342 1246 443 1314 modis,
455 1251 550 1320 quihus
563 1251 608 1302 illa
620 1251 706 1317 valet,
718 1263 798 1320 poeta
810 1251 937 1320 exprimat
949 1251 1003 1301 suis
1016 1250 1149 1301 coloribus
1162 1262 1188 1300 et
1200 1265 1335 1300 ornamen-

303 1328 345 1376 tis.
360 1327 425 1378 Hinc
438 1329 536 1380 tuenda
549 1331 593 1382 illa
605 1349 630 1382 v.
647 1330 698 1394 634
711 1327 828 1380 Mulcere
839 1326 951 1380 alternos
959 1366 968 1392 ,
984 1341 1046 1379 etv.
1064 1329 1113 1397 697
1126 1328 1248 1378 Necdum
1263 1325 1336 1376 etiam

300 1404 419 1476 geminos
436 1427 452 1457 a
466 1394 534 1480 teipo
550 1408 652 1479 respicit
665 1427 781 1480 unques:
796 1427 856 1459 nam
872 1420 955 1478 poetae
969 1407 1024 1458 haee
1041 1419 1118 1468 sunt,
1129 1425 1182 1470 ¹nec
1196 1405 1232 1456 ab
1244 1402 1334 1455 artifice

304 1485 362 1536 dure
375 1486 479 1556 aspides
492 1506 619 1559 expressae
631 1501 719 1550 erant;
740 1490 829 1559 sicque
848 1499 886 1538 tot
902 1487 954 1539 alia
971 1487 1005 1538 ad
1024 1499 1145 1538 ornatum
1162 1487 1280 1548 faciunt,
1295 1493 1336 1534 aut

303 1567 410 1636 poetica
425 1566 609 1635 phantasmata
620 1568 765 1639 objiciunt,
783 1569 878 1639 quibus
895 1567 1056 1619 inflammata
1068 1583 1141 1617 mens
1159 1565 1242 1616 multa
1254 1561 1336 1625 videt,

305 1663 363 1715 qua
375 1647 494 1698 sensibus
508 1649 626 1718 subjecta
638 1668 691 1701 non
705 1661 783 1700 sunt:
798 1646 879 1699 [llum
894 1647 1044 1718 indignanti
1051 1641 1336 1711 similem,similemqne

304 1726 419 1776 minanti
430 1729 578 1798 Adspicerer
595 1742 644 1781 etc.
657 1728 708 1780 Sed
722 1731 749 1780 in
769 1729 827 1793 his,
844 1731 870 1780 in
884 1726 979 1798 quibus
991 1746 1040 1799 pro
1052 1745 1080 1778 se
1092 1727 1206 1796 quisque
1218 1721 1293 1775 facile
1304 1719 1336 1770 di·

304 1818 389 1854 sertus
402 1825 457 1856 esse
470 1821 573 1876 potest,
588 1807 715 1859 disertum
728 1826 784 1859 esse
795 1807 861 1858 nihil
875 1809 975 1859 attinet.

337 1883 499 1938 Difficillima
513 1890 600 1958 operis
613 1887 767 1940 declarandi
780 1901 805 1940 et
817 1885 1021 1940 commendandi
1034 1905 1095 1956 pars
1108 1897 1147 1938 est
1159 1902 1251 1956 pugna
1261 1896 1333 1931 nara-

302 1960 335 2012 lis
347 1983 400 2016 una
413 1983 472 2015 curn
485 1968 568 2029 mari,
581 1985 634 2037 qua
646 1969 673 2018 in
685 1966 764 2037 clipei
776 1980 850 2038 parte
863 1967 908 2017 illa
921 1964 1035 2017 locanda
1046 1966 1080 2016 sit
1089 1965 1117 2014 in
1127 1964 1218 2032 operis
1228 1957 1334 2025 descrip-

305 2041 376 2092 tione
386 2064 391 2090 :
403 2043 521 2112 inprimis
535 2062 616 2114 quum
627 2059 707 2116 poeta
718 2045 745 2096 id
758 2059 810 2096 tam
821 2062 912 2115 parum
927 2043 1023 2095 diserte
1035 2043 1199 2112 exposuerit,
1209 2041 1268 2107 ⁶7¹³
1279 2035 1334 2086 ΗΜ

307 2119 390 2184 inter,
404 2123 455 2186 ait,
470 2125 563 2175 tumidi
574 2123 626 2176 late
638 2125 715 2176 maris
728 2126 782 2175 ibet
796 2126 889 2196 imepo.
907 2124 995 2176 Potest
1008 2122 1075 2174 adeo
1088 2139 1144 2174 esse
1157 2123 1228 2172 inter
1239 2129 1335 2178 cetera,

308 2217 366 2269 qua
376 2201 477 2272 clipeus
488 2203 642 2270 exhibebat,
652 2218 820 2276 argumenta,
832 2218 877 2256 aut
887 2207 955 2256 inter
968 2216 1067 2267 cetera,
1077 2221 1133 2272 qnae
1145 2213 1227 2271 poeta
1237 2213 1335 2249 recensu

306 2279 379 2330 facto
392 2297 597 2346 memoraverat3
611 2303 663 2356 quo
677 2303 755 2336 sensu
768 2286 911 2336 constituto
923 2302 1011 2355 pugna
1022 2293 1077 2334 erat
1087 2293 1269 2352 argumentum
1279 2290 1336 2328 aree

307 2361 400 2410 ceteris
413 2362 512 2414 similis.
531 2363 696 2416 Probabilins
714 2377 820 2431 tamen,
838 2377 921 2415 totum
939 2382 1010 2414 mare
1030 2381 1088 2412 eum
1105 2379 1193 2432 pugna
1211 2361 1238 2410 in
1254 2354 1337 2407 umbv·

306 2457 365 2490 nem
382 2458 412 2492 ac
427 2442 538 2493 medinm
554 2457 655 2513 partem
670 2445 752 2496 fnisse
767 2448 902 2514 rejectum.
916 2446 955 2495 lta
971 2455 1057 2495 tamen
1072 2455 1192 2511 superest
1208 2440 1260 2491 alia
1273 2431 1335 2522 dlffiss

307 2519 407 2580 cultas,
421 2539 472 2589 qna
486 2523 511 2572 in
524 2536 598 2590 parte
613 2523 760 2594 triumphus
773 2525 883 2594 Augusti
898 2523 949 2592 714
963 2539 1021 2592 sqq.
1038 2537 1174 2590 expressus
1189 2535 1246 2569 esse
1262 2510 1338 2564 viden

308 2595 411 2645 debeat.
425 2596 522 2648 Saltem
540 2601 566 2650 in
584 2599 670 2650 medio
688 2600 774 2670 clipeo
794 2601 882 2652 locum
901 2603 942 2651 vix
959 2599 1058 2652 hahere
1079 2599 1174 2668 potuit.
1196 2590 1336 2648 secundun

308 2672 381 2737 hac,
394 2675 415 2722 si
427 2677 495 2744 requi
507 2676 712 2744 essevolumus,
729 2697 805 2730 suum
818 2682 914 2752 cuique
931 2677 1077 2731 estimandi
1093 2676 1215 2728 relictum
1233 2685 1285 2726 esto
1299 2687 1337 2720 ar-

308 2752 426 2805 bitrium.

343 2835 383 2885 An
397 2833 476 2906 clipei
486 2837 631 2910 superficies
641 2849 678 2891 tot
687 2857 773 2892 rerum
786 2842 945 2894 diversarum
954 2848 1106 2908 argumente
1118 2854 1210 2908 capere
1216 2829 1337 2916 potuen't3

310 2932 381 2965 nunc
395 2934 472 2966 nemo
486 2919 563 2970 facile
577 2934 691 2989 querat,
708 2934 769 2991 post
781 2923 897 2972 virorum
909 2922 1105 2992 ingeniosorum
1115 2935 1225 2988 operam
1235 2917 1261 2965 in
1271 2912 1338 2978 cliptt

312 2993 513 3050 adumbratione
526 2999 586 3050 stilo
604 3019 671 3052 aereo
688 3002 759 3053 facta
776 3001 942 3053 collocatam.
956 3000 1073 3051 Alterum
1091 2995 1238 3066 exemplum
1255 2995 1280 3042 in
1293 2989 1338 3074 Aa·

310 3071 378 3144 glica
391 3075 607 3145 interpretatione
624 3096 703 3149 supra
722 3092 928 3132 commemorata
939 3078 1051 3129 vidimus
1068 3075 1101 3127 ad
1117 3064 1340 3138 Whiteteadjudr·

312 3152 397 3216 cium,
409 3154 437 3204 L.
452 3155 478 3205 P.
492 3156 610 3207 Boitardi
623 3171 696 3224 arte,
710 3158 757 3211 sed
765 3197 774 3224 ,
789 3159 860 3230 quod
870 3159 969 3210 lactum
983 3157 1128 3220 nollemus,
1140 3153 1173 3205 ad
1186 3155 1291 3223 picture
1300 3163 1340 3196 na·

312 3240 396 3280 turam
410 3235 519 3303 propius
532 3255 702 3305 expressum
721 3238 848 3306 alterum,
866 3237 938 3308 quod
956 3233 1133 3307 anaglyphum
1150 3231 1243 3283 melius
1255 3228 1340 3314 refert,

311 3324 367 3362 arte
380 3325 466 3364 tamen
479 3328 504 3366 et
513 3315 614 3384 judicio
626 3317 701 3370 alteri
713 3319 944 3389 posthabendum,
957 3334 1039 3387 opera
1051 3315 1086 3366 Le
1099 3311 1207 3364 lorrain
1217 3309 1252 3362 ad
1264 3309 1340 3359 eamr·

311 3390 343 3442 tis
355 3391 386 3441 de
400 3391 493 3462 Caylus
505 3409 636 3468 precepta
648 3396 733 3466 (Tum
744 3399 839 3449 XXVII
851 3397 918 3450 Hist.
932 3399 964 3448 de
973 3393 1073 3446 l'Acud.
1084 3392 1124 3444 des
1136 3389 1256 3460 Inscript.
1268 3401 1283 3436 t.
1292 3383 1338 3452 ΙΙΙ).

312 3470 447 3524 Consentit
457 3487 568 3546 uterque
581 3478 674 3529 artifex
683 3480 710 3530 in
721 3478 789 3544 hoc,
802 3491 831 3530 ut
843 3479 955 3530 exterior
966 3475 1045 3546 clipei
1055 3491 1117 3536 ora,
1129 3473 1155 3521 in
1166 3470 1254 3541 plures
1265 3466 1340 3536 regio·

313 3567 360 3599 nes
373 3549 513 3618 distincta,
526 3555 735 3626 comprehendat
748 3576 793 3625 ea,
806 3577 863 3628 quae
873 3576 889 3608 a
901 3575 924 3607 r.
938 3555 991 3608 630
1002 3553 1036 3605 ad
1048 3571 1072 3602 v.
1083 3552 1135 3620 670
1147 3553 1339 3600 commemorata

314 3639 389 3688 sunt;
403 3629 505 3701 reliqua
518 3645 605 3685 autem
617 3636 643 3685 in
657 3637 807 3688 interiorem
821 3654 907 3688 aream
919 3635 1049 3703 rejiciunt.
1063 3629 1204 3681 Exterioris
1217 3625 1283 3676 illius
1295 3636 1339 3707 otte

313 3708 433 3777 regiones
446 3712 610 3763 constituunt
626 3726 735 3785 uterque
748 3714 898 3767 duodecim.
912 3713 978 3766 Sunt
989 3724 1076 3762 tamen
1094 3707 1162 3770 alia,
1176 3707 1203 3756 in
1215 3703 1305 3774 quibus
1316 3711 1338 3783 ιο,

314 3783 416 3840 diversa
432 3790 529 3842 abeunt
541 3813 547 3853 ;
561 3793 587 3843 in
600 3793 658 3845 aliis
673 3808 783 3865 uterque
798 3797 934 3847 veritatem
948 3790 1094 3863 argumenti
1107 3799 1132 3839 et
1145 3787 1226 3836 moris
1240 3785 1340 3869 Roman!

314 3863 446 3918 deserunt.
460 3869 510 3922 Sed
523 3873 626 3946 singula
638 3879 762 3946 persequi
773 3875 856 3939 velle,
869 3874 988 3944 inprimis
1000 3868 1074 3922 nulla
1086 3867 1164 3938 clipei
1176 3863 1340 3944 delirreattottt

315 3945 432 4015 adjecta,
450 3950 585 4004 fastidium
596 3955 706 4007 laceret.
718 3957 871 4007 interiorem
889 3972 977 4006 aream
989 3951 1022 4002 ab
1037 3949 1165 4001 exteriore
1181 3953 1283 4013 separat
1296 3950 1339 3984 cn·

314 4021 468 4076 cnmductus
480 4027 507 4079 in
520 4031 620 4102 orbem,
633 4033 679 4087 sed
691 4037 763 4088 tenui
772 4035 868 4105 limbo,
876 4034 1009 4094 Oceanus;
1019 4031 1149 4094 innatant,
1160 4020 1233 4096 quod
1245 4015 1337 4075 rideas,
