2956 4680
461 393 526 458 so
549 389 749 456 omnum
771 390 881 455 tt111.
1127 402 1190 488 4„
1258 345 1263 356 ’

158 517 287 589 Perlegesi
297 533 358 580 sua,
369 515 531 585 antiquiores
544 517 721 586 potiusquam
732 516 773 566 sui
781 515 907 585 temporis
915 515 1043 569 rationem
1051 535 1191 591 sequutus,

156 611 219 668 post
238 600 361 670 Ligures,
375 595 497 666 Pelasgos
510 611 570 646 cum
587 595 744 666 Tyrrhenis,
757 595 885 659 Umbros,
903 595 1036 664 Ausones,
1049 599 1193 672 Samnites,

156 681 296 744 Lucanos,
314 677 478 749 Campanos,
497 677 642 729 OEnotrios
661 688 820 728 enumerat:
841 676 891 728 218
908 693 948 746 sq.
965 676 1076 732 Omnem
1090 684 1193 736 ltaliam

158 760 272 812 mediam
283 773 328 812 aut
339 777 413 810 oram
425 757 554 808 Adriatici
564 757 643 807 maris
657 775 704 827 per
715 756 851 808 Umbriam
863 755 1011 810 declarasse
1022 761 1145 832 videntur
1154 767 1195 816 in·

158 837 263 889 tendum
276 839 454 908 antiquiores,
468 849 496 888 ut
508 838 536 887 in
549 835 614 901 illis,
626 853 683 906 quse
692 835 725 886 de
738 836 897 886 Umbrorum
908 835 969 887 luxu
980 853 1121 892 narrantur
1130 843 1194 896 ibid.

159 935 184 967 v.
198 917 249 970 366
262 935 335 988 sqq,
350 935 407 988 que
417 916 462 968 alii
475 916 511 969 ad
521 916 646 966 Etruscos
656 914 778 966 retulere.
789 916 829 966 lta
840 927 951 986 vagatur·
963 935 1068 989 quoque
1078 925 1196 974 narratio

160 998 194 1050 de
206 999 342 1050 fertilitate
352 999 407 1068 agri
420 999 489 1048 inter
502 996 615 1048 Umbros
625 1009 651 1048 et
663 993 810 1046 Adrianus:
821 995 960 1048 deMirab.
972 998 1063 1049 Audit.
1079 1018 1196 1062 annam

160 1075 243 1127 multu
262 1076 342 1130 latius
361 1077 424 1127 olim
437 1076 530 1128 Umbri
547 1074 702 1127 habitarunt
715 1091 798 1144 usque
811 1073 845 1125 ad
863 1085 945 1126 terras
960 1089 1053 1146 postea
1066 1078 1197 1132 Adrianus

161 1153 254 1208 dictas.
269 1156 387 1208 Ausonia
402 1156 539 1206 Ausonum
553 1154 629 1206 sedes
642 1152 777 1206 declarare
795 1152 901 1218 debuit,
918 1171 975 1224 qun
986 1173 1002 1206 a
1015 1155 1122 1210 Circeiis
1135 1159 1198 1212 inde

160 1252 209 1305 per
219 1247 304 1287 totum
317 1238 397 1287 maris
412 1237 490 1287 inferi
510 1235 572 1286 litus
593 1235 691 1304 passim
710 1251 807 1304 sparsae
831 1235 946 1284 luerunt.
966 1235 1063 1288 Eadem
1075 1250 1100 1288 et
1112 1237 1199 1291 'otrus

161 1314 247 1380 dicta,
260 1319 323 1387 quia
333 1317 412 1388 Opici
423 1333 470 1368 seu
484 1315 547 1366 Osci
559 1332 591 1366 ex
601 1313 754 1365 Ausonibns
767 1315 857 1378 luere,
868 1314 950 1365 modo
960 1318 1064 1368 confusi
1077 1337 1136 1370 cnm
1148 1322 1198 1385 iis,

161 1391 243 1444 modo
256 1393 389 1446 distincti:
403 1413 427 1446 v.
441 1393 527 1446 Strab.
543 1395 575 1457 V,
592 1411 620 1464 p.
634 1393 682 1461 37¹
699 1393 730 1443 A.
744 1395 777 1458 B,
792 1405 818 1444 et
829 1392 938 1443 Aristus
951 1392 984 1445 de
995 1395 1060 1466 Rep.
1074 1397 1136 1461 Vll,
1153 1415 1202 1465 to,

162 1490 189 1542 p.
204 1471 250 1526 581
266 1473 296 1524 A.
310 1473 435 1544 Hesperia
447 1473 567 1526 Graecum
580 1491 676 1523 nomen
689 1483 728 1524 est
742 1473 860 1523 omnium
874 1485 1002 1524 terrarum
1016 1473 1049 1526 ab
1062 1477 1200 1531 occidente

162 1551 281 1602 sitarum.
294 1553 369 1604 Latio
382 1555 460 1622 igitur
472 1553 545 1604 nulla
558 1553 672 1603 nominis
690 1553 804 1604 remotas
817 1563 918 1618 manet,
932 1571 1011 1623 quam
1025 1555 1096 1622 quod
1108 1558 1201 1608 Satur·-

163 1631 209 1682 oia
221 1631 293 1684 dicta
303 1645 350 1684 est.
364 1633 445 1686 Vides
454 1636 523 1703 jam,
537 1645 702 1704 quantopere
714 1645 799 1704 poeta
812 1651 898 1685 sermo
915 1633 949 1684 ab
966 1633 1086 1688 historici
1098 1638 1203 1690 sabtili-

164 1724 217 1764 tate
228 1711 368 1784 discrepet.

197 1791 301 1844 Nomen
313 1805 400 1845 autem
414 1804 487 1844 terrie
500 1791 630 1844 Suturaioe
642 1793 751 1863 proprie
765 1791 799 1844 ad
812 1790 900 1843 locum
910 1791 1026 1862 aliquem
1039 1796 1110 1847 circa
1121 1796 1202 1848 Tibe-

163 1873 226 1937 rim,
238 1873 331 1925 saltem
343 1874 378 1926 ad
390 1873 486 1928 clitum
499 1891 559 1923 mox
572 1873 751 1944 Capitolinum
762 1871 861 1924 dictum
872 1873 1013 1942 pertinuit,
1027 1877 1072 1944 qui
1082 1875 1116 1928 ab
1127 1879 1203 1929 initio
1241 1929 1244 1939 ,

164 1948 303 2002 Saturnius
320 1951 468 2020 appellatus
485 1963 525 2002 est
544 1949 587 2020 (r.
605 1953 713 2023 Dionys.
733 1953 758 2016 l,
778 1951 822 2018 34.
842 1951 928 2002 Varro
946 1951 996 2002 LL.
1016 1954 1064 2018 tv,
1084 1973 1112 2024 7³
1135 1957 1206 2010 adde

164 2026 254 2079 Aurel.
267 2029 334 2080 Vict.
345 2029 377 2080 Ο.
391 2029 422 2080 G.
436 2031 466 2080 tt.
480 2029 510 2093 3,
527 2029 574 2080 ubi
586 2048 612 2079 v.
624 2033 729 2083 Annam
746 2042 773 2081 et
793 2031 902 2080 Arnaen.
912 2029 931 2098 )
951 2031 980 2080 lo
1001 2047 1033 2082 eo
1052 2035 1204 2087 consedisse

165 2106 230 2158 dicti
242 2120 303 2159 sunt
315 2110 379 2160 socii
397 2108 516 2160 llerculis
530 2126 563 2159 ex
574 2109 661 2160 lberia
677 2108 796 2168 reducis;
808 2110 848 2157 uti
861 2109 971 2159 alterum
984 2123 1100 2162 montem
1111 2114 1206 2166 Palati-

165 2205 229 2238 num
242 2200 350 2240 tenuere
363 2187 477 2238 Evandri
490 2189 556 2238 socii
568 2200 594 2238 et
606 2191 715 2239 comites
726 2205 756 2238 ex
766 2187 896 2238 Arcadia:
910 2189 944 2238 cl.
956 2189 1074 2240 Macrob.
1088 2191 1161 2242 lSat.
1174 2209 1205 2261 7,

165 2285 192 2337 p.
208 2265 258 2334 239
269 2266 311 2319 ed.
325 2269 411 2338 Lips.;
424 2265 487 2318 inde
498 2267 586 2317 vicina
597 2268 670 2338 regio
683 2267 820 2326 Saturnia;
836 2257 879 2314 sia
892 2267 1021 2328 {mespila
1033 2269 1088 2336 jam
1102 2271 1128 2320 io
1144 2289 1206 2322 ora-

167 2344 228 2396 culo
245 2345 364 2397 Dodona
384 2343 499 2416 Pelasgis
515 2345 579 2397 dato
598 2359 769 2396 utemoratur.
782 2361 807 2394 v.
820 2344 928 2416 Dionys.
946 2346 973 2409 l,
986 2345 1019 2411 34
1035 2345 1046 2410 l
1054 2365 1079 2416 p.
1097 2365 1129 2416 ²7
1139 2348 1157 2420 ).
1171 2349 1205 2402 38

168 2425 215 2496 (p.
229 2425 263 2478 30
271 2427 289 2496 )
305 2427 340 2478 cl.
358 2427 453 2476 lustin.
466 2425 564 2486 XLlll,
586 2441 612 2486 r;
633 2423 695 2476 add.
715 2424 781 2475 alios
800 2441 843 2494 ap.
864 2423 977 2475 Gerdam
996 2426 1031 2476 ad
1049 2428 1122 2495 Vlll,
1145 2429 1205 2480 358.

167 2505 283 2571 Quando
296 2517 383 2557 autem
396 2497 453 2556 tota
464 2504 540 2556 ltalia
551 2521 583 2556 eo
595 2505 702 2556 nomine
716 2503 882 2568 declaratur,
895 2503 928 2554 ad
941 2518 1079 2574 poetarum
1091 2507 1143 2558 boc
1152 2525 1208 2560 mo·

167 2603 222 2636 rem
233 2584 400 2638 referendum
413 2596 483 2650 erat,
498 2601 566 2650 uon,
580 2597 609 2635 ut
622 2585 763 2656 Dionysius
779 2583 877 2653 aliique
892 2584 1007 2652 faciunt,
1020 2585 1152 2638 historicis
1166 2606 1207 2638 rc-

168 2680 226 2714 rum
241 2665 400 2734 argumentis
415 2661 653 2715 annumerandum.
667 2661 794 2733 Virgilius
810 2663 900 2733 itaqua
913 2663 1036 2732 praeclare
1048 2665 1121 2729 Vlll,
1138 2663 1206 2734 357,

169 2741 220 2795 358
233 2742 266 2795 de
278 2743 383 2797 duobus
401 2744 536 2795 montibus
554 2742 677 2796 laniculo
695 2755 721 2793 et
737 2742 906 2813 Capitolino:
920 2743 997 2794 llatae
1014 2745 1099 2796 Jonas
1113 2756 1206 2815 pater,

169 2819 236 2874 lanc
253 2822 380 2876 Saturnus
396 2821 627 2881 coadiditarcsm
644 2819 800 2873 Juuiculum
819 2818 882 2870 tute
890 2857 899 2883 ‚
918 2818 961 2870 illi
970 2820 1067 2889 fuerat
1083 2821 1205 2873 Saturnia

169 2917 271 2950 nomen.

616 2997 757 3012 —

445 3106 805 3202 EXCURSUS
839 3109 931 3195 ΙΙΙ.

431 3289 537 3377 Super
548 3291 711 3366 Etruscis,
724 3306 758 3356 et
770 3289 944 3354 Mezentio.

207 3455 279 3522 vm,
293 3456 344 3524 478
356 3471 414 3526 sqq.
427 3453 510 3506 Haud
518 3450 613 3524 procul
624 3451 686 3504 ltine
694 3469 755 3504 saxo
766 3449 892 3503 incolitur
897 3451 1017 3522 fundato
1026 3463 1122 3504 vstmto
1136 3454 1210 3509 Urbis

172 3536 305 3611 Aqytttnoe
315 3537 397 3600 sedes,
411 3535 457 3585 ulti
467 3534 551 3604 lydia
563 3533 697 3605 quondum
711 3533 778 3584 Gens
791 3529 858 3584 bello
873 3530 1016 3603 proeclara,
1032 3533 1103 3604 iupis
1118 3534 1212 3588 insedit

172 3616 293 3668 Etnsscir.
307 3617 386 3666 Hunc
396 3611 491 3664 maltos
499 3611 643 3688 florentem
659 3629 740 3663 annos
752 3627 797 3660 res
808 3610 901 3662 deiude
912 3610 1021 3680 superbo
1039 3611 1170 3680 Imperio,
1184 3623 1211 3665 et

172 3697 242 3750 saevis
254 3697 339 3748 tenuit
348 3693 493 3745 Mezentius
504 3693 591 3745 arinis.

207 3773 234 3827 si
247 3774 311 3846 quid
324 3773 358 3826 de
370 3791 418 3824 sno
431 3771 528 3844 fingere
538 3785 608 3823 recte
618 3773 706 3844 potuit
716 3783 811 3842 poeta,
825 3783 882 3822 erat
894 3769 951 3822 lateo
965 3769 1135 3823 Etruscorum
1149 3791 1210 3825 cuna

175 3854 296 3925 Trojanis
309 3855 435 3916 societas,
446 3869 527 3922 quum
538 3851 617 3904 semel
630 3850 745 3922 populos
757 3851 824 3902 citra
834 3848 950 3901 Tiberim
962 3850 1060 3900 latinis
1070 3863 1096 3902 et
1107 3851 1213 3904 Rutulis

175 3936 262 3986 socios
274 3933 428 3986 addidisset.
442 3933 557 3984 Etruscis
570 3945 657 3983 autem
670 3932 814 4001 antiquitas
824 3931 913 4000 stirpis
923 3942 949 3981 et
962 3930 1065 3999 imperii
1077 3931 1157 3982 tribui
1168 3951 1211 3982 so·

176 4015 214 4066 let
223 4035 270 4084 ea,
282 4033 341 4086 ques
353 4032 407 4065 nun
420 4011 598 4083 improbabile
611 4013 706 4077 iaciat,
715 4013 770 4082 jam
782 4011 905 4079 Troianis
916 4010 1079 4080 temporibus
1092 4029 1137 4064 eos
1153 4014 1214 4082 opi-
1235 4053 1239 4062 .

171 4095 226 4148 bus
237 4108 265 4150 et
273 4096 357 4166 copiis
369 4095 433 4147 satis
444 4093 568 4147 vetuisse
578 4091 641 4146 Erat
652 4105 782 4164 praterea
794 4093 905 4162 antiqua
915 4090 961 4143 illa
971 4093 1107 4162 utriusque
1118 4090 1215 4163 populi
