3028 4682
513 419 891 488 tumultuum.
1159 433 1222 517 217

186 563 282 623 porum
297 545 523 602 vicissitudinibus
535 550 655 601 imminui
666 549 712 600 illo
727 551 823 620 potuit.
834 547 937 614 Colles,
948 551 995 620 qni
1008 551 1143 618 ambimus,
1157 553 1224 605 silva

187 631 252 682 olim
263 631 398 681 inaccesso
409 629 504 679 consiti
516 643 592 680 erent
611 628 646 681 sd
663 627 796 681 convalles
813 628 982 693 decurrente,
1003 630 1074 684 ethi
1093 645 1153 684 sunt
1170 630 1226 682 luci

185 708 362 778 Auerni(V1,
378 709 437 762 ns.
452 707 509 761 138.
524 709 599 779 sor),
608 711 635 760 in
646 709 743 780 quibus
754 725 840 760 auree
848 708 952 761 frondis
962 710 1043 762 arbor
1054 709 1096 782 (v.
1109 711 1156 764 138
1165 729 1225 781 sqq.
1298 699 1301 706 ¹

189 789 263 859 186).
276 788 373 842 Silvam
385 791 553 855 immensam,
563 787 707 856 Ὀμβριμοῧς
719 787 788 844 rixose
803 787 897 844 oidelae
910 785 990 857 Κόρης,
1002 791 1160 863 Lycophrou
1173 789 1225 859 698

187 886 295 940 quoque
307 882 451 935 memorat,
464 881 490 921 et
506 869 588 920 multo
605 869 729 921 disertius
743 870 873 920 Homerus
885 890 890 920 :
904 866 953 920 ἔνθ’
973 865 1069 922 siurim
1089 867 1176 936 λὶχιιι
1186 869 1226 920 καὶ

186 947 263 998 ἅλικι
272 948 442 1016 nepessinus,
455 947 554 1016 Maspai
562 948 583 1000 τ’
594 946 690 1016 eiptrpst
700 946 740 998 ssi
752 943 811 1000 irim
824 947 983 1018 dxselups'sr.
1001 949 1146 1020 Cupressos
1157 949 1227 1001 altis·

186 1027 267 1076 simus
279 1028 422 1102 etiamnum
433 1027 521 1078 lacum
529 1028 661 1080 Avernum
673 1029 808 1098 cingentes
820 1028 997 1079 tristissimum
1006 1027 1067 1078 loco
1077 1027 1172 1080 faciem
1183 1024 1228 1076 ad·

186 1106 269 1174 jicere
281 1107 384 1157 narrari
395 1105 474 1158 video
489 1127 505 1158 a
517 1105 644 1158 Flnohato
659 1105 851 1174 (Observatiotts
861 1125 907 1158 sur
918 1104 942 1157 le
952 1109 1097 1158 Commotus
1106 1117 1131 1157 et
1140 1123 1186 1157 sur
1193 1102 1228 1155 les

189 1185 260 1251 Arts,
269 1186 299 1236 T.
310 1187 331 1248 1,
343 1205 371 1256 p.
388 1187 460 1253 tri),
472 1189 521 1238 etsi
534 1186 568 1238 sb
583 1186 655 1237 Italis
670 1185 736 1237 nihil
748 1186 801 1238 tale
813 1187 892 1256 prodi
905 1189 1020 1240 memini.
1031 1189 1072 1239 ita
1081 1198 1168 1239 temen
1179 1186 1228 1236 Pe-

188 1263 291 1312 tronius
304 1276 404 1314 naturae
415 1265 555 1316 veritatem
569 1266 728 1334 expressisse
740 1264 827 1316 videri
839 1263 932 1330 debet,
946 1267 992 1336 qni
1004 1283 1067 1316 sors
1074 1262 1159 1334 ferali
1177 1263 1229 1313 cir·

188 1340 383 1392 sumtumulnta
394 1361 514 1413 cupressu
525 1355 624 1394 namot.
636 1343 716 1395 Sacer
726 1355 814 1396 autem
825 1344 901 1396 lucus
911 1345 954 1396 ille
967 1345 1072 1396 Hecotae
1084 1343 1119 1412 (r.
1135 1341 1230 1414 13)seu

188 1419 368 1490 Proserpina,
379 1434 408 1472 ut
416 1423 546 1474 Homerus
559 1423 611 1473 sit:
625 1423 776 1474 Promissus
789 1425 898 1475 enimin
911 1423 990 1476 rebus
1005 1423 1097 1475 inieris
1114 1424 1229 1488 Hecate,

189 1498 361 1571 Proserpina,
374 1501 461 1555 Diana
470 1539 478 1566 ,
488 1503 563 1553 Luna
575 1503 707 1554 nominari
719 1503 795 1554 solet.
808 1503 973 1575 Proserpina
986 1521 1089 1556 sacram
1103 1501 1230 1572 paludem

188 1577 321 1630 Avernum
333 1579 424 1634 uideas
433 1581 504 1652 spud
518 1580 628 1632 Diodor.
640 1583 685 1646 lV,
699 1597 746 1646 aa,
759 1593 784 1633 et
792 1582 884 1654 templi
893 1585 998 1634 Hecatae
1007 1584 1097 1634 ruinas
1108 1597 1164 1632 esse
1172 1597 1228 1644 eas,
1337 1603 1340 1620 ·

190 1673 257 1725 quas
268 1655 348 1729 uulgo
367 1659 499 1730 Apollinis
513 1661 603 1724 aiunt,
618 1659 653 1712 ad
674 1660 808 1712 Avernum
821 1661 922 1726 lucum,
937 1679 991 1713 non
1012 1661 1080 1714 male
1099 1661 1231 1729 conjectat

189 1734 285 1788 Paulus
300 1739 346 1789 iol.
359 1739 475 1791 xxviii.
489 1739 542 1792 sed
554 1739 625 1791 silvie
637 1741 693 1791 istte
706 1740 836 1792 inclusum
850 1743 918 1794 seris
930 1741 1018 1794 lecum
1029 1741 1179 1812 pestilentia
1191 1740 1232 1788 iu-

189 1816 325 1880 ieeerant;
339 1821 389 1872 ctsi
398 1821 449 1891 ipsi
462 1833 538 1873 uutro
551 1819 747 1872 exhalationem
758 1822 851 1872 tribuit
859 1823 985 1893 Virgilius
995 1819 1058 1892 (Vl,
1073 1817 1231 1890 237-241)

190 1907 218 1946 et
232 1897 350 1948 imitator
364 1898 416 1952 loci
426 1902 580 1962 Petronius;
594 1900 667 1972 quod
680 1913 705 1952 et
716 1902 802 1971 ipsum
815 1901 944 1955 secedere
961 1903 1049 1971 potuit
1058 1899 1092 1951 ad
1105 1897 1232 1962 alterum,

191 1990 252 2024 cum
260 1975 373 2028 eundern
380 1991 503 2030 naturam
511 1979 685 2048 sulphursriae
693 1979 805 2049 aliaque
812 1981 840 2030 in
850 1981 882 2031 iis
892 1981 958 2032 locis
966 1980 1098 2050 spelunca
1105 1978 1231 2029 habeant.

191 2049 351 2126 ¹Contaqinm
364 2060 424 2109 tetri
436 2060 504 2110 ueris
516 2061 589 2111 ferna
604 2058 667 2109 olim
681 2060 709 2109 iu
721 2059 879 2111 miraculum
892 2073 1015 2124 auxerat,
1036 2071 1065 2109 nt
1085 2073 1146 2109 sves
1165 2055 1233 2108 sdes

193 2135 416 2202 supervolitantes
440 2141 536 2189 soetore
550 2150 656 2188 enectus
675 2137 799 2190 decidere
820 2137 990 2190 affirmarent.
1014 2138 1068 2190 sid.
1090 2135 1185 2188 Strabo
1201 2135 1233 2198 V,

193 2227 220 2280 p.
239 2211 287 2278 244
301 2215 328 2264 B.
342 2213 415 2285 quod
426 2214 503 2268 'nunc
525 2215 601 2268 aliter
618 2215 757 2266 rehabere
774 2215 872 2267 docent
885 2217 1003 2268 Breislalr
1018 2231 1045 2268 et
1062 2214 1115 2266 ulii.
1132 2212 1234 2276 Colles,

194 2307 261 2360 quos
274 2289 401 2360 diximus,
413 2297 492 2348 variis
510 2297 625 2366 perfossi
639 2295 771 2366 specubus
790 2297 846 2346 viss
865 2295 1016 2349 habuerunt
1035 2293 1235 2356 subterraneos,

195 2370 354 2441 caliginosas
365 2387 391 2425 et
404 2386 484 2426 tetras
496 2374 701 2445 hospitibusque.
714 2375 869 2444 impervius,
883 2393 995 2445 quarum
1002 2374 1084 2438 bina,
1097 2371 1145 2424 scd
1159 2385 1183 2423 et
1196 2369 1236 2421 hm

193 2449 251 2500 iere
270 2451 430 2519 obstruetur,
449 2467 606 2526 supersunt,
624 2453 657 2506 de
675 2453 771 2523 quibus
788 2455 859 2505 inira
877 2455 1033 2508 ridebimus.
1050 2455 1136 2504 Locus
1156 2453 1236 2524 igitur

196 2531 316 2598 apprime
337 2531 449 2585 idoneus
468 2533 503 2586 ad
521 2533 660 2586 hominum
677 2535 779 2584 ouimos
796 2533 954 2606 religionum
969 2534 1115 2586 terroribus
1136 2529 1237 2582 sollici-

195 2608 299 2662 tandos.

229 2687 328 2759 Specus
341 2693 405 2745 olim
417 2695 500 2747 fuisse
515 2697 541 2746 in
551 2693 593 2746 bis
605 2694 671 2746 locis
683 2695 787 2765 plures,
800 2693 881 2744 modo
895 2692 1023 2760 diximus,
1036 2697 1084 2746 etsi
1097 2706 1172 2746 terroe
1182 2709 1237 2741 mo·

194 2766 266 2820 tibus
276 2770 388 2843 ipsaque
400 2787 475 2826 utute
490 2774 566 2825 multi
578 2787 753 2839 corruerunt,
766 2785 796 2825 ut
815 2773 883 2825 adiri
895 2785 1038 2845 nequeant.
1060 2773 1146 2825 Hubet
1158 2773 1238 2824 etiam

194 2845 258 2898 litus
272 2851 343 2902 circa
361 2853 493 2904 Misenum
505 2865 596 2904 cautes
608 2855 708 2925 passim
721 2863 876 2916 excusatas,
890 2869 957 2921 quus
969 2871 985 2904 a
996 2851 1172 2924 Lycophroue
1184 2865 1237 2899 rss.

199 2928 265 2995 1278
278 2959 311 2968 —
328 2933 394 2984 1280
403 2934 529 3000 hormino
540 2953 565 2984 rs
579 2931 656 2985 curris
668 2947 718 2986 etc.
731 2935 805 2984 innui
818 2945 893 3002 puto.
909 2932 1061 2983 Admodum
1072 2934 1163 3002 itaque
1175 2947 1239 3000 pro·

196 3004 287 3060 babile
299 3023 353 3074 est,
372 3023 399 3062 et
417 3015 537 3084 opinioni
556 3011 634 3064 fidem
652 3015 718 3064 feeit
735 3012 808 3084 apud
819 3013 978 3066 Strabonem
995 3012 1041 3063 lib.
1055 3013 1088 3076 V,
1100 3031 1127 3082 p.
1143 3010 1193 3075 ²ll
1204 3009 1235 3059 D.

195 3084 329 3155 Ephorus,
337 3093 412 3160 cnjus
425 3111 521 3162 magns
532 3091 583 3142 bac
595 3093 621 3142 in
633 3111 661 3144 re
671 3096 816 3145 auctoritas
829 3106 882 3158 est,
894 3111 976 3163 quum
989 3094 1045 3164 ipsc
1053 3092 1187 3142 Cumanus
1197 3087 1238 3140 di-

196 3165 336 3238 ligensque
345 3173 459 3240 scriptor
468 3171 564 3234 luerit,
575 3174 664 3240 prison
675 3185 750 3224 etate
764 3191 809 3223 ens
822 3191 948 3224 cavernas
961 3171 1114 3223 homiuibus
1125 3187 1175 3240 pro
1188 3167 1239 3219 do-

198 3247 286 3298 mibus
295 3249 376 3300 fuisse
386 3247 565 3319 (Troglodytis
576 3251 668 3320 itaque
676 3250 714 3301 illi
727 3242 910 3324 ucce‘nsendi),
921 3252 1007 3303 donec
1015 3250 1050 3302 ad
1058 3249 1193 3303 meliorem
1205 3249 1242 3299 vi·

197 3339 230 3378 tae
249 3326 349 3378 cultum
367 3327 562 3398 procederent,
581 3342 724 3399 uotumque
743 3329 806 3382 binc
827 3347 884 3382 esse
897 3331 930 3382 de
956 3329 1101 3382 Cimmeriis
1119 3327 1240 3380 sabulum

197 3405 293 3476 Odyss.
306 3421 334 3467 x,
353 3409 383 3460 13
396 3425 455 3478 sqq.
466 3427 472 3469 ;
485 3409 535 3459 etsi
551 3407 667 3458 tenebris
679 3405 731 3460 illis
741 3410 877 3478 perpetuis
889 3408 960 3459 silvae
975 3425 1082 3477 quoque
1095 3407 1241 3470 continues,

200 3485 298 3554 quibus
317 3487 451 3540 convalles
470 3489 600 3540 montium
618 3489 708 3539 obsite
726 3501 817 3553 erunt,
838 3489 967 3557 majorem
984 3486 1123 3538 horrorem
1144 3483 1241 3536 addere

198 3565 360 3619 debuerunt.

233 3645 444 3701 Succedeutibus
456 3651 635 3723 temporibus,
651 3650 772 3704 locorum
782 3663 906 3705 naturum
918 3651 1071 3723 superstitio
1085 3650 1138 3700 suis
1149 3647 1240 3699 usibus

200 3728 429 3795 accommodavit,
445 3745 470 3784 et
489 3732 692 3801 necyomantiou
711 3731 749 3782 ibi
770 3732 919 3782 institutum
941 3742 993 3797 est,
1017 3741 1046 3779 ut
1066 3729 1160 3778 Manes
1179 3743 1242 3778 evo·

198 3809 254 3860 cuti
272 3809 466 3860 sciscitantibus
486 3811 542 3863 lats
560 3810 704 3882 predicere
724 3810 908 3874 crederentur,
926 3808 1008 3880 idque
1026 3806 1132 3858 Homeri
1153 3803 1240 3856 udlrue

201 3900 277 3942 utute
285 3890 470 3941 auctoritatem
478 3888 582 3956 hnbuit,
593 3891 639 3961 qui
649 3891 767 3962 Ulyssem
775 3910 808 3943 en
820 3889 880 3940 loos
890 3887 1094 3941 adiissenarrat.
1108 3885 1190 3936 Erunt
1199 3903 1244 3936 su-

201 3965 340 4034 cerdotes,
353 3968 399 4038 qui
417 3985 494 4019 sacru
505 3981 701 4034 monstrarent,
725 3969 821 4040 quibus
838 3969 931 4020 Manes
949 3979 1036 4019 essent
1053 3963 1179 4036 placandi
1198 3963 1241 4032 (v.

200 4045 297 4118 ,strabo
310 4049 342 4113 V,
354 4067 381 4120 p.
397 4049 447 4116 ²ll
459 4047 493 4114 C,
506 4049 552 4102 ubi
564 4045 677 4103 sirirxssr
690 4069 785 4122 parum
801 4060 925 4102 accurate
938 4065 970 4100 ex
986 4065 1034 4098 sua
1051 4057 1126 4097 aetste
1145 4044 1242 4095 dixisse
1254 4063 1264 4080 ·

201 4126 320 4196 videtur,
338 4142 367 4182 ut
378 4129 523 4184 Maximum
537 4131 598 4204 Tyr.
611 4131 680 4186 uus.
693 4131 753 4185 XIV
766 4130 887 4204 ullusque
899 4129 1042 4200 omittam).
1058 4127 1096 4178 Ex
1111 4126 1243 4194 majorum
