3022 4682
447 392 680 460 AENElDOS
703 394 856 458 LIBER
880 395 942 458 Vl.

1158 393 1216 462 1οὸ

175 516 382 584 Minotaurus
396 517 495 597 inest,
508 517 645 582 Veneris
658 533 874 581 monumenta
886 515 1051 598 nefandae3

176 625 240 688 llic
251 609 345 687 labor¹
356 623 410 687 ille
423 621 555 702 domus,
570 641 602 688 et
614 623 846 690 inextricabilis
860 645 966 703 error,

174 729 332 816 Magnum
346 730 466 818 reginae
478 729 537 794 sed
551 731 639 794 enim
651 731 824 794 miseratus
835 750 984 792 amorem

176 833 342 914 Daedalus,
358 837 427 923 ipse
440 823 534 900 dolos
546 837 624 900 tecti
635 835 857 924 ambagesque
870 834 1018 912 resolvit,

175 941 269 1004 Caeca
280 962 396 1028 regens
409 940 464 1005 filo
477 942 622 1029 vestigia.
636 943 689 1004 Tu
702 963 837 1029 quoque
850 961 1002 1026 magnam
1188 953 1218 998 30

175 1049 305 1111 Partem
318 1071 418 1136 opere
430 1051 464 1112 in
478 1065 583 1126 tanto,
597 1049 720 1114 sineret
732 1046 841 1126 dolor,
857 1049 962 1126 lcare,
976 1045 1124 1110 haberes.

174 1153 229 1216 Bls
241 1170 378 1218 conatus
391 1171 460 1217 erat
473 1175 566 1218 casus
579 1152 737 1240 effingere
750 1153 784 1216 in
797 1175 897 1217 atrro:

208 1351 245 1398 ²7·
260 1334 300 1380 illa
309 1336 387 1382 ἀοηιιιε
399 1336 467 1383 Goth.
481 1337 616 1384 tert—30.
628 1337 783 1402 lepeanprot.
795 1351 817 1382 et
825 1335 933 1392 vratisl,
946 1336 987 1382 sed
998 1335 1035 1382 lila
1047 1334 1098 1399 leqit
1106 1335 1222 1389 Theseus,

168 1403 214 1466 fila
225 1419 248 1452 et
257 1409 301 1452 iter
314 1411 372 1452 rexit
382 1407 497 1454 Daedalus.
507 1409 536 1454 rl.
549 1411 674 1455 Burmann.
684 1433 716 1444 ·-·
725 1407 864 1471 31.operum
872 1407 941 1452 Goth.
950 1424 985 1470 pr.
999 1411 1021 1452 in
1033 1408 1097 1453 abest
1110 1405 1139 1450 ab
1149 1403 1223 1449 altero

175 1478 302 1540 llamburg.
317 1477 447 1526 alors-'en
460 1496 562 1542 prover.
575 1479 629 1526 lect.
642 1493 665 1526 et
680 1480 717 1526 ecl.
731 1480 791 1526 l'en.
804 1479 880 1525 Verba
893 1481 957 1524 leam
969 1477 1061 1524 lateres
1076 1494 1089 1524 a
1101 1473 1223 1522 nonnullis

175 1547 262 1604 codd,
271 1549 332 1594 inter
342 1565 400 1612 quor
409 1551 527 1596 Romanus
537 1562 583 1606 eat,
594 1550 673 1597 abesse
683 1549 741 1596 vidit
752 1551 849 1596 Pierius.

174 1723 286 1776 corpore
297 1709 365 1759 tauri
375 1709 402 1760 in
413 1723 494 1782 caput
505 1713 554 1763 viri
565 1711 670 1764 barbati
719 1712 812 1762 extitit.
828 1707 918 1762 Simile
935 1706 1114 1781 anaglyphum
1130 1703 1223 1755 candi·

174 1798 301 1851 exeunte,
326 1787 398 1858 quod
427 1790 471 1842 alii
500 1783 596 1843 llacilri
623 1810 670 1843 seu
720 1790 755 1841 do
779 1808 928 1854 marmore,
955 1787 1027 1859 quod
1052 1783 1220 1837 sallall⁰ssess¹

172 1864 289 1929 Ebonis,
302 1866 327 1918 h.
346 1887 369 1920 e.
383 1869 459 1934 solis,
475 1871 519 1923 alii
534 1873 614 1942 patrii
626 1872 672 1922 llu-
720 1867 850 1920 Ariadnes
872 1864 1027 1932 sslllbebsslr
1049 1883 1098 1936 ΡΠ)
1120 1861 1223 1913 Daedali

172 1945 229 2010 rii,
254 1944 299 1997 alii
328 1950 453 2000 arationis
477 1964 502 2000 et
527 1951 671 2002 fertilitatis
721 1946 1221 2022 opereaCnossiisostentatum,l'au·

175 2041 300 2093 agrorum
319 2027 466 2096 symbolum
487 2029 670 2082 essevoluere.
721 2047 778 2082 san.
798 2031 849 2096 lll,
867 2031 917 2096 do,
934 2049 960 2099 p.
979 2029 1031 2098 793
1047 2037 1146 2078 narrat.
1166 2025 1223 2074 Ho—

174 2101 242 2152 Mihi
261 2102 379 2154 nondum
392 2105 492 2177 liquet;
511 2107 672 2172 obscurata,

175 2193 258 2250 puto,
267 2184 321 2252 jam
339 2183 441 2236 dudum
459 2188 510 2238 fuit
526 2207 589 2240 rora
605 2206 674 2260 sym-

116 2331 118 2337 ,
175 2259 233 2310 boli
249 2265 387 2313 sententia.
409 2265 480 2315 conf.
499 2263 532 2316 ad
547 2265 672 2338 Apollod.

175 2339 252 2392 Notae
265 2360 291 2411 p.
311 2342 370 2412 537.
388 2343 456 2395 Nam
475 2343 556 2395 multa
581 2343 613 2396 de
633 2344 674 2394 liis

175 2421 293 2472 virorum
308 2421 447 2474 doctorum
462 2423 598 2495 disputata
613 2442 674 2495 pas·

176 2499 226 2549 sim
245 2513 348 2566 extant,
371 2504 491 2573 inprimis
507 2505 576 2556 inter
592 2503 672 2556 Italos

175 2579 305 2632 Marocliii
322 2595 348 2634 et
366 2583 589 2655 lgnarrae;rnulta
608 2604 673 2656 quo-

175 2676 227 2730 que
241 2661 268 2712 in
281 2680 421 2714 numerum
439 2663 575 2726 doctrinm
589 2667 673 2736 inpri-

174 2740 223 2790 mis
237 2741 270 2792 ab
282 2741 389 2794 Eclthol.
402 2757 463 2814 post
479 2745 628 2797 Neumann.
638 2776 671 2784 -

174 2833 215 2887 27.
233 2819 409 2893 Labyrinthus
427 2823 528 2875 Daedali
541 2843 608 2896 opus
617 2864 625 2889 ,
645 2826 671 2876 in

174 2898 316 2969 Pasiphaes
328 2905 441 2974 gratiam
454 2917 624 2975 susceptum,
643 2919 671 2956 ut

174 2977 354 3032 Minotaurum
382 2983 408 3033 in
432 3002 464 3034 eo
486 2984 671 3036 absconderet.

175 3055 218 3107 Sic
230 3057 307 3108 ovid.
323 3059 382 3110 Vlll
396 3061 457 3112 Met.
473 3061 528 3131 157.
543 3065 636 3135 Hyssln·
652 3065 671 3112 f.

176 3135 220 3202 do.
231 3135 308 3187 Diod.
325 3138 374 3202 lv,
387 3155 429 3207 77.
442 3139 567 3209 Apollod.
581 3143 630 3206 lll,
647 3158 673 3204 1,

721 2111 788 2159 meri
804 2109 892 2159 locum
906 2109 1012 2177 respicit
1024 2103 1149 2176 Virgilius
1161 2101 1188 2152 h.
1203 2101 1221 2150 l.

723 2197 750 2236 et
759 2203 816 2254 sup.
827 2187 860 2250 V,
872 2184 922 2238 588
932 2203 991 2254 sqq.
1000 2205 1007 2244 ;
1017 2199 1042 2235 at
1054 2183 1122 2234 idern
1131 2191 1222 2231 noster

723 2282 778 2315 rern
797 2261 926 2314 hactenus
948 2263 1081 2321 variavit,
1103 2271 1132 2310 ut
1152 2275 1223 2309 nunc

723 2343 860 2394 Daedalum
874 2355 977 2407 narret,
988 2345 1014 2393 in
1029 2343 1139 2413 repinoe,
1155 2339 1223 2410 regis

723 2423 820 2474 Minois
845 2421 925 2490 lilia,
948 2419 1070 2472 Ariadna]
1092 2420 1222 2490 gratiam,

722 2501 826 2554 Theseo
842 2504 892 2554 iter
909 2521 957 2573 per
971 2497 1160 2573 labyrinthum
1178 2496 1222 2548 lilo

723 2583 928 2646 monstravisse,
942 2579 1015 2652 quod
1030 2582 1164 2630 inventum
1178 2576 1223 2628 alii

721 2675 807 2732 poetae
817 2660 974 2732 simpliciter·
986 2659 1021 2712 ad
1032 2658 1155 2712 Ariadna
1167 2657 1223 2708 sol-

721 2741 824 2794 lertiam
834 2743 1046 2809 referunt-«27.
1055 2737 1223 2790 lahordomus

721 2821 874 2890 deelaratnr
885 2839 934 2892 per
943 2819 1069 2882 alterurn,
1081 2815 1223 2868 inextrica-

723 2900 781 2952 bilis
790 2919 879 2964 error,
892 2899 969 2950 labor
982 2917 1060 2970 quem
1077 2899 1132 2968 ipse
1145 2893 1223 2965 laby-

721 2979 825 3031 rinthus
837 2980 902 3031 lacit
919 2980 1016 3030 exitum
1036 2973 1224 3048 quarentibus.

722 3058 778 3111 doli
790 3073 815 3112 et
828 3060 958 3132 ombapes,
968 3059 1048 3110 llexus
1057 3057 1105 3106 rito
1116 3065 1142 3105 et
1152 3069 1225 3102 erro-

723 3157 764 3191 res
778 3139 941 3211 Labyrintbi.
960 3139 994 3190 cf.
1011 3137 1106 3188 Cerda.
1125 3131 1175 3190 hos
1190 3157 1224 3190 re·

176 3215 209 3280 4,
234 3213 278 3278 15,
300 3215 324 3266 8.
347 3214 427 3285 Apud
447 3218 590 3268 Homerum
610 3237 674 3269 vero
722 3203 915 3286 solvit,redilu
934 3233 960 3272 et
973 3237 1080 3292 egressu
1093 3233 1226 3272 monstra-

176 3293 300 3346 Daedalus
309 3296 335 3345 in
344 3293 467 3346 Ariadnae
475 3297 597 3365 qratiam,
610 3296 673 3348 cho·
725 3311 762 3350 to.
773 3317 838 3352 ceca
845 3337 854 3364 ,
865 3302 944 3352 etiam
954 3299 981 3350 h.
994 3301 1011 3351 l.
1026 3312 1087 3350 sunt
1099 3300 1224 3368 obscura,

176 3393 235 3426 rum
256 3393 302 3428 seu
323 3374 492 3428 saltationem
511 3375 674 3446 labyrintho
725 3377 864 3448 ambigua,
875 3375 1008 3444 domdaaa3
1025 3381 1093 3449 regit
1106 3379 1151 3430 ille
1167 3379 1225 3452 glo·

177 3455 289 3508 similem
299 3455 430 3508 effinxisse
442 3468 580 3520 narratur,
597 3455 673 3508 lliad.
723 3473 795 3508 mere
805 3456 853 3507 iter
861 3457 998 3508 incertum.
1006 3457 1136 3507 Versuum
1148 3459 1224 3511 30-

176 3557 206 3602 o,
227 3533 274 3603 591
297 3553 370 3608 seqq.
389 3536 487 3588 Habita
502 3547 594 3588 'tamen
613 3553 675 3588 vere
725 3537 759 3588 33
773 3535 805 3586 de
820 3537 895 3588 lcaro
908 3538 1064 3588 suavitatem
1078 3541 1173 3604 otvim,
1186 3541 1226 3591 fa·

175 3611 223 3668 illa
238 3633 294 3667 esse
307 3617 409 3685 potuit,
421 3629 447 3666 et
460 3633 549 3667 annuo
561 3615 674 3668 sollenni
725 3616 775 3668 cile
792 3617 873 3668 sentis
887 3635 919 3668 ex
937 3617 1038 3668 affectu
1055 3629 1081 3670 et
1097 3637 1128 3670 ex
1146 3637 1225 3690 apos·

176 3695 283 3758 iterari,
307 3692 342 3743 ad
363 3693 550 3746 celebrandam
573 3696 675 3750 scilieet
724 3696 819 3768 trophe
829 3695 864 3748 ad
873 3698 975 3749 Icarum
986 3695 1127 3768 proficisci.
1136 3700 1222 3758 Verba

177 3775 285 3844 publica
297 3771 431 3826 hilaritate
446 3775 549 3828 felicem
561 3797 575 3828 e
587 3777 675 3850 Laby-
723 3779 857 3830 Ausonius
874 3779 991 3828 imitatus
1011 3789 1050 3828 ost
1068 3778 1094 3828 in
1111 3779 1224 3834 Mosella

177 3853 266 3904 rintho
279 3855 386 3924 fugam
399 3872 521 3924 expressa
533 3871 626 3926 postea
639 3858 672 3910 ab
722 3874 749 3908 v.
769 3855 821 3910 300
838 3875 893 3928 seq.
915 3856 985 3927 Quin
1003 3853 1042 3907 aa)
1056 3851 1098 3924 priv
1119 3859 1177 3921 aa),
1197 3875 1223 3913 et

177 3933 276 3986 artifice
303 3951 383 4005 opere
408 3933 556 4006 anaglypho
576 3959 581 3986 :
601 3936 673 4008 quod
723 3955 781 3989 vero
805 3957 868 3990 sane
892 3937 996 4010 reliqua
1021 3958 1127 4012 quoque
1149 3944 1223 4012 signa

173 4015 230 4082 jam
251 4015 374 4078 Homeri,
392 4013 484 4067 saltem
506 4027 605 4085 poetae,
630 4019 672 4070 cui
723 4019 935 4089 perlustrassent.
957 4021 1018 4074 Mor
1037 4042 1062 4074 v.
1084 4022 1126 4076 38.
1144 4041 1222 4096 prope
1269 4067 1274 4078 ,

175 4091 223 4144 illa
238 4095 362 4146 carminis
377 4111 440 4166 pars
458 4093 584 4163 debetur,
598 4107 673 4149 aetate
723 4097 754 4148 de
771 4097 886 4168 intacto,
905 4120 983 4174 grege
1003 4101 1084 4154 boum
1098 4104 1163 4174 jugo
1183 4103 1222 4151 in·
