3022 4682
433 386 668 454 AEuuluos
692 387 845 452 LIBER
866 389 929 454 Vl.

165 515 312 604 Usquam
324 511 438 578 aberit.
452 512 562 594 Quum
575 528 611 575 tu
623 511 762 600 supplex
773 513 807 575 in
820 511 918 577 rebus
931 518 1040 603 egenis

165 621 254 703 Quas
266 621 378 708 gentis'
386 618 519 698 Italum,
533 633 589 682 aut
601 615 682 707 qulas
694 641 762 682 non
774 619 917 682 oraveris
929 621 1033 686 urbisl

166 727 287 790 Caussa
299 725 375 790 mali
389 725 484 804 tanti,
499 724 642 813 conjunx
654 723 774 788 iterum
786 723 916 812 hospita
927 727 1076 810 Teneris,

167 832 368 921 Externique
381 832 500 895 iterum
512 829 655 894 thalami.

167 938 223 1000 Tu
234 960 276 1000 ne
288 935 370 1001 cede
382 937 475 1002 malis
487 961 494 998 :
508 934 567 1001 sed
580 952 693 1000 contra
706 933 882 999 audentior
894 937 953 1016 ito,

169 1043 241 1122 Qua
253 1058 309 1106 tua
321 1058 353 1106 te
367 1042 617 1120 Fortunasinet.
630 1040 692 1103 Via
704 1041 809 1126 prima
821 1040 947 1120 salutis,

170 1145 268 1228 Quod
281 1148 416 1210 minime
429 1147 524 1225 reris,
538 1147 635 1210 Graia
646 1143 810 1232 pandetur
821 1145 862 1209 ab
875 1147 967 1214 urbe.
979 1177 994 1206 u

216 1251 352 1316 Talibus
366 1275 404 1316 ex
416 1250 514 1340 adyto
528 1250 623 1316 dictis
636 1253 766 1316 Cumaea
778 1251 897 1341 Sibylla

175 1356 365 1422 Horrendus
376 1359 464 1422 canit
475 1356 642 1446 ambages,
656 1373 817 1446 antroque
830 1357 985 1446 remugit,

204 1582 242 1628 9¹·
260 1567 336 1630 Usque
346 1568 405 1614 ch.
416 1569 536 1631 Nusquam
546 1583 568 1612 a.
579 1574 627 1612 tum
639 1575 662 1611 tu
678 1565 783 1612 Parrhar.
795 1575 847 1612 tunc
858 1575 881 1611 tu
895 1581 931 1630 pr.
943 1566 1024 1613 llamh.
1039 1583 1082 1630 pro
1099 1587 1145 1618 var.
1162 1572 1214 1621 lect,

173 1645 200 1684 ut
208 1636 274 1684 relatis
284 1638 349 1684 laid.
359 1653 427 1684 uuus.
435 1663 467 1674 -
474 1653 511 1699 9²·
524 1641 634 1684 enuuerr's
643 1637 714 1683 Wall.
723 1663 755 1674 —
763 1637 802 1699 93.
817 1640 899 1684 Teucri
908 1654 943 1700 pr.
952 1639 1037 1685 Moret.
1050 1641 1158 1689 Ceterum
1166 1661 1217 1692 ma·

174 1708 197 1756 le
208 1709 277 1771 vulgo
289 1711 487 1773 distinguebatur,
498 1713 539 1757 etsi
548 1713 622 1757 Servii
633 1709 753 1772 exemplo,
766 1711 852 1756 Caussa
864 1709 919 1756 muli
930 1715 987 1756 tanti
996 1716 1091 1775 conjux,
1104 1717 1183 1761 iturum
1193 1715 1216 1762 a.

169 1777 281 1836 'Teucrm
290 1781 374 1829 Melior
384 1799 390 1827 :
401 1783 486 1828 &ussa
496 1781 551 1827 maii
561 1785 619 1826 tanti
623 1785 707 1844 conjux
714 1784 794 1827 iterum
806 1779 828 1826 li.
844 1784 869 1827 Τ.
883 1785 921 1826 Sic
933 1795 1016 1828 etmox
1028 1787 1108 1830 iterum
1119 1783 1218 1833 titulumi.

173 1875 206 1886 -
213 1850 251 1913 94Ι
265 1853 412 1916 Extremr'igue
424 1853 509 1898 Moret.
522 1867 568 1898 rec.
580 1877 611 1888 -
623 1853 661 1912 95.
673 1852 739 1898 crede
749 1850 820 1897 Goth.
832 1863 885 1898 tert.
897 1860 943 1898 eta
958 1867 992 1914 pr.
1006 1869 1037 1897 ιιι.
1048 1855 1134 1902 Medic.
1146 1857 1219 1903 audu-

173 1923 222 1966 οἶοι·
233 1921 291 1967 alter
301 1921 427 1984 hamburg.
438 1935 461 1968 et
470 1923 519 1968 bini
532 1921 602 1967 Goth.
619 1922 725 1967 undatim
736 1921 806 1967 Wall.
818 1923 933 1969 ardentior
944 1921 1009 1968 Leid.
1023 1935 1046 1969 et
1061 1925 1175 1988 lingona
1187 1946 1219 1975 m.

176 2009 212 2055 pr.
222 2017 254 2028 -
262 1993 299 2053 96.
313 1992 438 2054 Vulgarum
450 2005 513 2039 erat:
525 1994 599 2052 Quum
611 2001 650 2038 tua
663 1993 786 2056 refertum
794 1997 858 2038 sinet.
871 1995 901 2038 Ut
911 1993 964 2055 plur
980 1994 1076 2052 audeat,
1088 2013 1157 2060 quarn
1174 2000 1221 2046 lata

177 2065 325 2126 permittant,
334 2063 472 2110 riaridetur
480 2065 569 2109 bonurn
582 2063 706 2110 concilium
720 2077 782 2119 ουκ
794 2063 868 2109 multo
878 2066 955 2108 minus
965 2065 1041 2110 AEneae
1052 2065 1145 2124 datum,
1155 2071 1223 2130 cujus

178 2136 258 2180 omnia
267 2134 365 2180 consilia
376 2135 406 2180 ad
417 2136 518 2182 latorum
529 2135 637 2181 ordinem
649 2151 662 2180 a
672 2147 741 2204 poeta
753 2147 903 2197 attemperata
912 2147 973 2181 aunt.
983 2135 1056 2193 Quum
1062 2153 1105 2198 pro
1115 2149 1225 2201 grauatum

179 2218 206 2251 ut
218 2222 271 2251 cum
283 2207 378 2252 lleinaio
389 2220 412 2254 et
421 2210 554 2252 Burmanno
564 2208 676 2268 accipiat,
685 2207 771 2250 durum
781 2220 830 2250 esse
842 2217 913 2267 puto,
924 2217 1012 2252 atvero
1024 2209 1093 2252 etiam
1100 2209 1223 2270 jejunum:

109 2311 113 2319 .
180 2275 247 2322 malit
256 2277 349 2324 obuiam
358 2281 406 2335 ito,
419 2291 532 2342 quantum
545 2288 618 2340 potes.
629 2277 800 2337 Significantius
810 2289 844 2322 est
854 2293 858 2320 :
869 2291 1009 2339 quacunque
1022 2279 1058 2322 via
1069 2277 1123 2323 licet
1132 2280 1156 2324 id
1167 2281 1225 2326 lace·

181 2361 215 2392 re.
225 2345 317 2392 Accedo
327 2349 398 2409 igitur
408 2349 463 2394 viris
475 2345 561 2400 doctis,
572 2359 597 2392 ut
606 2345 732 2406 legendum
745 2346 887 2400 existimem,
898 2345 961 2402 Qua,
970 2362 996 2390 ea
1006 2347 1041 2392 tia
1047 2379 1055 2400 ‚
1063 2362 1107 2408 qua
1116 2365 1123 2404 ;
1135 2360 1161 2394 ut
1173 2364 1224 2410 sup.

180 2417 202 2461 11
207 2451 214 2474 ‚
228 2419 271 2482 387
285 2420 379 2474 Osorii,
390 2420 514 2484 quaprt'mu
524 2419 607 2480 ittqmt,
614 2418 711 2480 ffirtum
723 2415 803 2462 suunt
814 2418 929 2463 Monstrat
940 2417 988 2472 iter,
1000 2433 1089 2481 quoque
1098 2420 1192 2464 ostendit
1202 2435 1226 2465 se

180 2487 276 2546 άιπιιιι,
286 2504 413 2552 sequamur.
429 2488 505 2534 Alfine
517 2501 551 2533 eat
563 2502 614 2550 sup.
625 2488 647 2542 l,
663 2486 716 2543 tro.
730 2488 862 2550 Corripuere
872 2489 945 2542 uriam,
957 2503 1003 2550 grta
1014 2491 1091 2533 cernitu
1108 2497 1224 2534 monstrat.

181 2559 229 2604 Nec
240 2571 316 2605 tamen
324 2559 384 2606 adeo
393 2557 462 2620 longe
472 2561 496 2604 in
509 2557 575 2604 malis
584 2557 749 2620 propulsandis
757 2558 867 2620 progredi
879 2557 925 2604 lata
936 2569 958 2603 te
969 2559 1058 2614 sinent,
1068 2559 1109 2604 scd
1119 2571 1225 2621 paratum

182 2641 217 2674 ert
224 2627 349 2674 auxilium:
363 2629 407 2674 Via
416 2631 490 2692 pruno
501 2645 520 2674 s.
533 2631 609 2692 Atque
618 2629 663 2674 fuit
674 2627 723 2674 hac
733 2627 804 2674 lectio
814 2631 884 2676 ctiam
896 2630 921 2674 iu
933 2627 999 2674 libri·
1008 2627 1126 2692 plerisque
1139 2631 1226 2686 Pierii;

181 2699 242 2745 sorte
255 2699 396 2746 recentibus.
411 2701 469 2746 Nam
480 2713 571 2747 veteres
580 2715 660 2746 omnes
676 2703 701 2746 in
712 2716 781 2764 9ιιαιιι
794 2703 935 2763 conspirant.
949 2701 1012 2746 luter
1028 2699 1103 2746 editos
1116 2704 1225 2764 princeps

182 2767 236 2815 Ald.
247 2787 292 2834 quc
304 2771 410 2828 exhibet,
420 2784 533 2818 mutatum
546 2789 558 2816 a
570 2773 687 2835 Naugerio
703 2773 727 2817 in
737 2771 817 2818 altera.
831 2775 858 2817 ln
868 2773 904 2819 hia
916 2785 992 2818 umen
1006 2771 1138 2834 particulis,
1151 2775 1226 2834 inpri-

86 2851 94 2864 ·
182 2843 1225 2906 mirquumcomparatirmincrrorcrntamiacileinduceredebuerit,nolimlibrariorum

183 2909 238 2957 fidei
252 2924 297 2957 tam
309 2913 408 2959 multum
420 2915 532 2960 tribuere.
546 2913 590 2958 Alii
602 2913 683 2974 legunt
694 2914 784 2972 Quum,
801 2914 866 2977 quod
877 2916 913 2961 rix
927 2913 1020 2975 probes.
1036 2913 1141 2974 Toupiua
1152 2914 1225 2974 Epist.

183 2981 240 3026 Crit.
251 2997 302 3044 pag.
319 2998 358 3044 ¹7¹
371 2984 443 3046 laeqn,
454 2992 480 3028 ut
489 2983 544 3028 mibi
550 2984 641 3046 quidem
649 2984 750 3040 videtur,
766 2987 887 3030 certissime
897 3000 904 3028 :
916 2984 965 3041 Quo
975 2997 1014 3028 tua
1028 2995 1050 3027 te
1060 2981 1152 3026 fortuna
1156 2981 1226 3041 ferm.

184 3051 234 3097 Hoc
244 3065 290 3107 cat,
301 3065 376 3115 poeuu
383 3053 509 3099 dictionem
519 3069 562 3115 per
573 3055 649 3099 ltuum
657 3057 746 3100 variare
754 3089 761 3110 ,
770 3071 834 3110 non,
844 3067 953 3117 corrupta
964 3053 1096 3100 emendare.
1109 3055 1169 3096 siunt
1181 3053 1227 3096 Ou-

185 3123 246 3170 dart.
255 3149 288 3160 —
296 3125 334 3184 98.
348 3125 449 3170 eumuna
458 3124 556 3171 Dorvill.
565 3159 573 3180 ,
584 3125 625 3170 aed
635 3125 734 3171 alterum
745 3127 836 3172 doctius
845 3143 850 3172 :
860 3145 882 3173 v.
892 3126 922 3172 ad
934 3125 1015 3172 Silium
1028 3125 1074 3179 lx,
1085 3125 1122 3184 57.

185 3312 239 3366 boc
259 3327 322 3364 tero
339 3309 424 3362 multo
439 3308 549 3372 durius;
563 3295 642 3362 etiarn
662 3311 684 3360 si
733 3322 788 3360 tum
799 3321 835 3362 tu.
847 3312 975 3364 oraveris:
989 3330 1012 3360 v.
1026 3309 1073 3362 lib.
1085 3309 1158 3372 Vlll,
1171 3307 1228 3357 scil.

184 3395 296 3464 jungere
308 3389 405 3442 velles:
420 3409 467 3442 nec
483 3388 567 3440 aberit
577 3387 684 3454 additu,
732 3389 883 3442 Evandrum
899 3403 924 3442 et
939 3390 1073 3461 Agyllinos
1094 3387 1226 3438 Etruscos.
1292 3435 1296 3443 ,

186 3474 214 3526 lt.
237 3491 259 3523 e.
280 3469 410 3535 addetur,
429 3467 539 3522 accedet
557 3487 593 3520 sc.
615 3486 685 3519 nova
735 3469 761 3519 in
776 3468 848 3520 mous
860 3468 1111 3540 egente-angustis,
1123 3467 1230 3536 pericu·

111 3561 115 3571 “
187 3552 280 3604 bostis.
292 3547 317 3600 Si
331 3551 389 3619 qais
402 3547 520 3600 nondum
536 3547 687 3600 ullointer-
734 3548 806 3600 losis.
821 3548 884 3600 Noli
903 3565 962 3598 cum
978 3545 1068 3597 Seruio
1085 3558 1110 3598 et
1122 3545 1180 3597 aliis
1194 3545 1230 3598 de

188 3643 263 3702 prete
290 3631 410 3700 inspecto
437 3629 526 3680 locum
548 3627 635 3700 legat,
664 3628 685 3678 is
734 3631 805 3682 fame
815 3630 945 3698 accipere.
958 3629 1054 3698 conjux
1063 3627 1231 3690 Lavinia,ut

187 3709 262 3764 haud
270 3709 351 3761 dubie
362 3711 399 3760 ita
407 3710 517 3780 accipiet
527 3730 532 3758 :
544 3727 591 3760 nec
602 3707 686 3759 deerit
734 3709 796 3761 olim
813 3707 921 3761 Helena.
935 3706 978 3776 96.
991 3724 1041 3777 qua
1053 3707 1096 3758 via
1107 3718 1133 3759 et
1148 3709 1229 3758 ratio·

190 3793 217 3843 in
227 3789 303 3842 ltalia
312 3785 490 3852 Juuo,additu
502 3789 617 3854 Teucris,
626 3807 683 3866 quae
733 3809 780 3856 ne,
791 3807 844 3860 quo
857 3787 938 3838 modo
948 3805 976 3838 se
989 3803 1030 3838 res
1041 3785 1155 3852 dabunt,
1169 3781 1190 3838 i.
1201 3807 1226 3838 v.

190 3871 421 3943 semperTrojanis
431 3868 531 3934 adesse,
538 3871 568 3920 iis
577 3872 683 3930 instare,
733 3872 794 3922 Var.
808 3869 879 3920 Lect.
895 3866 975 3919 Graiu
986 3866 1019 3916 ab
1035 3866 1095 3917 urbe
1103 3903 1112 3931 ,
1125 3867 1229 3918 Pallan-

191 3970 237 4008 eos
258 3971 368 4024 urgere,
387 3951 526 4021 persequi,
545 3949 619 4002 solet.
633 3951 684 4004 Eas
735 3963 778 4001 teo
785 3943 999 4006 Evandrissolor
1009 3946 1098 3998 similis
1109 3961 1147 3999 est
1156 3947 1231 4018 apud

191 4051 232 4088 res
244 4033 333 4084 infesti
344 4031 424 4082 animi
432 4047 488 4081 esse
498 4030 555 4100 quis
566 4029 686 4081 dubitet?
736 4027 858 4099 Apollon.
880 4031 923 4092 11,
945 4027 996 4097 39⁰
1015 4025 1074 4079 aaa
1091 4027 1137 4095 70⁸4
1160 4027 1234 4092 ὔμμιν·

227 4129 353 4186 91—97.
366 4129 448 4183 quum
462 4121 489 4162 tu
505 4110 686 4182 provulgari,
737 4109 807 4178 ὄνειαρ
820 4103 923 4164 clitorius
936 4108 962 4174 ἒξ
973 4102 1025 4162 uitia
1035 4098 1087 4159 airu
1096 4105 1209 4174 'Appiana

267 4200 293 4251 3.
1037 4197 1053 4248 Β
