2956 4680
289 331 350 413 406
535 331 569 393 r.
591 327 824 393 vrnornrt
846 329 1076 396 Manotus

287 454 502 543 Remigioque
514 453 737 541 aptat;socios
749 452 847 516 simul
859 453 989 517 instruit
1001 454 1110 518 armis.
1324 470 1356 516 to

330 561 415 624 Ecce
428 574 551 638 autern,
565 557 710 622 subitum
722 573 822 646 atque
834 558 937 622 oculis
949 559 1098 623 mirabile
1110 575 1337 638 monstrum,

286 663 432 731 Candida
444 687 504 752 per
515 663 628 728 silvam
640 687 715 729 cum
729 664 799 726 fetu
811 663 967 728 concolor
977 663 1053 729 albo

224 801 228 809 ¹
285 769 477 849 Procubuit,
492 769 654 858 viridique
667 769 700 831 in
713 768 809 832 litore
822 769 1023 857 conspicitur
1035 791 1089 834 sus
1101 793 1109 832 ε

285 875 392 957 Quam
404 875 477 962 pius
491 877 605 938 AEneas
617 872 678 936 ulti
690 873 792 952 enim,
807 872 881 952 tibi,
894 895 1045 937 maxume
1057 875 1163 955 luno,

286 983 421 1059 Mactat,
435 1003 523 1045 sacra
536 979 662 1058 ferens,
676 993 709 1041 et
721 1001 796 1042 cum
809 1001 907 1066 grege
920 980 1003 1043 sistit
1015 979 1056 1043 ad
1069 1004 1170 1078 arem.
1316 995 1350 1041 es

285 1085 428 1175 Thybris
441 1107 478 1149 ea
490 1084 642 1164 fluvium,
656 1107 755 1172 quam
767 1084 865 1170 longa
878 1099 940 1163 est,
954 1103 1052 1149 noete
1065 1101 1261 1151 tumentem

287 1192 408 1270 Leniit‚
423 1206 455 1254 et
466 1191 563 1254 tacita
575 1188 717 1252 refluens
730 1189 773 1252 ita
787 1187 931 1251 substitit
944 1187 1048 1267 unda,

286 1299 376 1362 Mitis
388 1315 425 1361 ut
437 1299 471 1360 in
483 1319 609 1360 morem
622 1295 726 1382 stagni
738 1277 941 1381 placideque
954 1293 1083 1382 paludis

286 1405 451 1468 Sterneret
463 1425 577 1490 aequor
588 1402 695 1489 equis,
710 1422 801 1463 remo
814 1415 851 1463 ut
862 1398 1027 1463 luctamen
1042 1399 1180 1465 abesset.

287 1511 373 1598 Ergo
385 1509 448 1572 iter
459 1509 628 1594 inceptum
640 1506 949 1585 celerant3rumore
958 1503 1104 1569 secundo
1307 1539 1346 1584 90

316 1693 353 1739 so.
371 1709 393 1737 α.
407 1695 476 1739 socrus
493 1708 498 1738 :
516 1679 702 1737 strnulali'tmale
716 1691 860 1751 distinguunt
870 1709 891 1739 v.
903 1693 1028 1738 Burmann.
1038 1701 1135 1756 satque
1147 1697 1242 1740 uasti-uit
1252 1698 1336 1758 sprot.

287 1763 365 1807 --ilt¹
378 1762 466 1808 Laudat
484 1761 546 1808 ltunc
563 1774 586 1808 et
600 1763 684 1816 omisso
699 1777 768 1808 versu
784 1760 813 1806 82
831 1773 877 1808 tres
896 1777 961 1824 seqq.
980 1774 1061 1808 auctor
1079 1761 1154 1808 libelli
1170 1763 1202 1810 de
1215 1766 1338 1828 Progenie

287 1832 383 1892 Augusti
396 1848 416 1878 c.
433 1831 467 1888 tl.
479 1857 511 1866 -
522 1831 559 1878 Sa.
565 1831 625 1893 fitto
636 1833 712 1894 Sprot.
721 1857 753 1866 -
762 1831 799 1878 85.
810 1833 842 1876 ud
856 1847 909 1878 oms
924 1832 1014 1894 aliquot
1023 1849 1060 1894 ap.
1071 1834 1197 1878 Burmann.
1208 1859 1239 1870 —
1251 1837 1288 1881 86.
1299 1845 1338 1881 est

287 1903 351 1948 abest
362 1901 451 1964 aliquot
462 1904 522 1946 Pier.
536 1915 560 1947 et
572 1903 663 1957 Heius„
684 1901 803 1948 mendose.
820 1903 882 1948 conf.
895 1919 946 1964 sup.
966 1904 1005 1960 lv,
1026 1903 1077 1964 193.
1087 1929 1118 1938 -
1127 1904 1165 1966 87.
1182 1905 1250 1950 Iaear't
1266 1907 1334 1950 Rom.

287 1983 413 2018 contracte.
431 1969 523 2018 sustulit
539 1971 607 2018 Goth.
622 1985 673 2018 tert.
684 1997 716 2008 -
727 1971 765 2018 88.
780 1981 802 2018 et
811 1976 834 2016 itt
842 1988 871 2016 m.
884 1971 943 2018 alter
952 1973 1043 2034 Menaq.
1054 1997 1085 2008 -
1094 1972 1131 2034 89.
1144 1983 1166 2019 rt
1177 1971 1194 2017 l.
1210 1975 1292 2030 wie,
1310 1988 1339 2021 et

288 2044 320 2088 sit
337 2040 415 2104 legere
432 2041 520 2106 dudunt
532 2039 655 2089 malebam.
672 2041 743 2088 abiret
752 2041 795 2088 Ed.
805 2043 864 2088 Ven.
876 2041 959 2088 obisset
970 2043 1035 2088 Rom.
1047 2067 1078 2078 -
1088 2058 1127 2104 9⁰·
1148 2045 1259 2088 etcertum
1272 2045 1340 2089 Non..

324 2194 366 2246 80.
381 2195 461 2248 annis
479 2198 595 2268 proprie.
615 2200 686 2250 conf.
699 2217 724 2248 v.
739 2197 782 2266 93.

288 2303 323 2312 -
336 2275 377 2326 81.
390 2276 450 2328 vide
465 2277 545 2328 modo
559 2277 594 2329 ad
605 2297 629 2328 v.
644 2279 685 2346 49.
701 2278 785 2348 Copia

289 2357 417 2407 orationis
443 2359 470 2408 in
491 2375 541 2408 ves.
567 2359 613 2423 82,
636 2359 668 2410 83
690 2377 785 2428 parum

287 2435 392 2503 placet:
415 2436 531 2486 Cortdidu
543 2465 576 2474 -—
587 2435 709 2489 concolor
725 2455 785 2487 cum

288 2510 345 2576 fetu
365 2511 439 2571 albo;
460 2513 605 2564 Procubuit
616 2515 786 2586 -eouspt'ct'·

288 2599 382 2660 turque
400 2609 407 2636 :
427 2609 476 2660 per
496 2589 589 2642 silvam
601 2595 674 2644 —in
700 2591 782 2645 litore.

287 2668 469 2734 1l10384ertim
478 2675 665 2737 asseverante,
674 2687 703 2724 ut
714 2692 783 2737 uero,

286 2765 336 2818 pro
350 2747 455 2820 utique,
474 2751 509 2800 eui
521 2769 548 2816 pt
565 2751 607 2814 tt,
625 2770 674 2804 nec
690 2767 783 2818 vacat,

288 2827 360 2898 quod
383 2841 477 2898 putant
495 2833 667 2900 grammatici.
686 2861 721 2871 -
740 2834 782 2902 87.

286 2910 364 2979 Jung.
383 2907 400 2957 l.
415 2909 450 2958 ito
463 2910 593 2976 substitit,
610 2921 653 2976 ut,
673 2911 690 2962 l.
711 2912 784 2982 quod

283 2991 355 3040 forte
366 2989 449 3058 magis
456 2991 603 3059 poeticum:
614 2990 650 3040 ito
657 2991 782 3043 substitit:
801 3014 805 3023 r

286 3086 319 3119 eo
331 3065 421 3130 modo,
431 3069 497 3119 sicut
506 3082 576 3130 erat;
587 3087 667 3140 quum
681 3072 717 3121 ita
727 3072 784 3122 fao-

286 3159 342 3198 tum
355 3158 430 3197 esset.
447 3145 586 3216 Sequitur:
603 3159 632 3199 ut
650 3147 717 3200 adeo
736 3149 784 3200 mi·

287 3225 318 3276 tis
327 3239 351 3276 et
364 3226 390 3275 in
403 3243 503 3277 morem
516 3229 615 3298 stagni,
628 3240 678 3278 eto.

319 3319 362 3371 90.
384 3321 486 3354 rumore
499 3305 627 3369 seeundo,
648 3324 726 3357 cursu
744 3325 784 3358 se·

285 3383 388 3444 cttntlo,
407 3385 456 3434 etsi
476 3402 552 3436 amne
572 3383 683 3436 adverso
703 3383 782 3454 (nant

286 3462 392 3512 solvunt
405 3461 482 3512 litore
496 3463 655 3514 Laurentino
668 3466 696 3518 in
709 3466 782 3516 ostiis

285 3541 388 3592 Tiburis
405 3553 431 3592 et
448 3544 587 3610 superiora
604 3541 716 3594 fluminis
736 3563 784 3614 pe-

285 3621 373 3690 tunt):
390 3621 446 3671 fere
460 3620 533 3689 quod
550 3621 587 3686 X,
604 3621 654 3690 687
675 3622 784 3672 Labitur

284 3695 339 3745 alta
356 3713 442 3748 secans
450 3697 591 3773 fluctuque
609 3709 724 3769 cestuque
743 3718 783 3750 so·

285 3774 376 3822 cundo.
401 3776 502 3826 Rumor
527 3779 611 3841 enim,
636 3777 782 3828 secundum

285 3849 428 3915 Guellinw,
438 3865 463 3904 et
476 3853 591 3905 Gronov.
605 3855 683 3907 Obss.
698 3855 729 3922 ΙΙ,
743 3873 781 3924 17,

286 3927 382 3998 quibus
403 3930 522 3983 Donatus
546 3938 662 4004 praeivit,
682 3924 782 3986 dictum

286 4006 349 4060 olim
361 4021 398 4063 est
411 4009 444 4062 do
456 4029 589 4066 murmure
604 4033 679 4085 aque
691 4016 782 4067 carina

834 2209 860 2262 et
878 2197 955 2248 ramis
976 2213 1119 2266 percusse,
1141 2211 1194 2264 quu
1215 2194 1292 2244 navis
1316 2211 1338 2244 ar

833 2277 917 2346 puppi
929 2275 1100 2348 propellitur,
1115 2271 1235 2343 adeoque
1247 2273 1337 2322 omni-

833 2373 869 2406 no
882 2355 915 2406 de
925 2367 999 2405 motu
1012 2371 1094 2424 aque.
1111 2354 1161 2402 Pro
1178 2354 1281 2422 optimo
1291 2353 1335 2402 in-

834 2445 948 2504 terprete
962 2445 1001 2484 est
1013 2433 1113 2483 Ausou.
1129 2429 1242 2482 Mosella
1254 2449 1280 2480 v.
1297 2447 1331 2482 η

835 2512 1013 2565 interlabentis
1023 2513 1101 2564 tacito
1120 2529 1223 2562 rumore
1235 2509 1331 2562 Mosel-

833 2591 872 2642 lae.
893 2593 979 2644 Multa
998 2593 1033 2645 ad
1051 2592 1077 2644 h.
1095 2592 1114 2643 l.
1134 2590 1270 2644 cumulant
1283 2591 1330 2641 Fu·

832 2669 915 2734 brio,
933 2673 1023 2724 Heius.
1037 2685 1064 2724 et
1075 2673 1177 2734 Burm.‚
1195 2684 1226 2722 ut
1241 2682 1330 2722 tamen

833 2750 865 2802 tle
877 2752 902 2802 vi
915 2764 941 2802 et
955 2753 1056 2822 origine
1069 2753 1140 2802 vocis
1151 2749 1224 2802 baud
1237 2749 1331 2800 melina

833 2843 944 2882 constet.
962 2829 1066 2882 Scilicet
1086 2848 1175 2880 rumor
1194 2847 1209 2880 a
1227 2827 1330 2879 ruendo

833 2908 919 2960 dietus
929 2909 1047 2972 videtur3
1059 2911 1160 2974 ruitur,
1171 2925 1217 2960 seu
1229 2909 1326 2959 eruitur

833 3005 903 3058 aqua
921 2981 1008 3053 renio,
1027 2987 1148 3058 adeoque
1167 3006 1198 3039 ex
1214 2986 1325 3058 impulm

832 3069 957 3138 strepitus
979 3071 1071 3120 oritur.
1095 3067 1160 3120 Inde
1179 3067 1211 3119 de
1236 3067 1324 3138 quovis

832 3148 943 3217 strepitu
951 3161 977 3199 et
985 3167 1118 3199 murmure
1129 3145 1195 3199 illud
1205 3146 1325 3216 frequen-

831 3238 928 3290 tatum,
942 3228 1061 3298 inprimis
1080 3227 1164 3277 famae.
1177 3227 1244 3276 Tum
1265 3241 1325 3276 vero

832 3303 911 3354 etiam
927 3318 956 3355 ut
971 3305 1046 3365 laea,
1064 3324 1113 3376 pro
1128 3324 1193 3358 voce
1212 3305 1325 3356 ominata

832 3393 858 3432 et
870 3385 966 3435 omine.
984 3385 1034 3434 Pro
1046 3384 1143 3454 plausu
1155 3396 1181 3435 et
1190 3383 1270 3436 laude
1280 3401 1325 3434 ru-

832 3478 928 3512 morem
951 3464 1093 3514 secuudum
1117 3462 1182 3513 dixit
1204 3463 1326 3512 Horati

831 3540 879 3610 Ep.
898 3557 940 3607 to,
954 3561 984 3610 9,
997 3553 1026 3592 ut
1035 3543 1091 3594 fere
1101 3541 1128 3594 h·
1143 3541 1159 3592 l.
1171 3541 1325 3593 etiamacei·

831 3622 871 3690 pit
879 3619 1013 3671 Nunnius:
1025 3620 1096 3671 «hoc
1105 3633 1278 3692 estprospero
1287 3621 1326 3672 fa·

831 3717 895 3750 rore
914 3713 939 3752 ot
959 3701 1056 3753 auxilio
1069 3699 1191 3752 fluminis.
1202 3723 1214 3746 a
1229 3699 1323 3752 lderne

831 3777 980 3830 Fenestella
999 3791 1025 3830 et
1041 3779 1127 3829 Ennio
1145 3777 1206 3842 loca
1221 3776 1323 3843 laudat,

831 3859 859 3908 iu
876 3857 971 3926 quibus
983 3855 1080 3929 populi
1096 3874 1199 3906 rumore
1219 3857 1323 3908 secundo

833 3947 872 3986 est
889 3937 981 3988 favore
1005 3949 1031 3988 et
1048 3933 1136 3987 studio
1153 3934 1256 4005 populi.
1272 3935 1322 3984 Nec

832 4013 885 4068 alio
898 4032 977 4070 sensu
990 4015 1091 4069 dictum
1106 4025 1145 4067 est
1159 4015 1186 4065 in
1198 4013 1258 4066 loco
1271 4011 1330 4073 tte„
