2968 4696
393 419 636 486 'nnuruos
660 417 813 484 utnon
835 419 920 482 vn.
1121 419 1182 510 319

147 551 267 613 Contra
279 549 344 613 fota
356 545 470 624 deum,
484 565 639 633 perverso
654 544 788 607 numine
800 559 955 631 poscunt3

147 654 302 718 Certatim
314 652 399 739 regis
413 652 624 716 circumstant
636 665 720 713 tecta
734 649 852 712 Latini.
1143 663 1183 712 5⁸5

149 759 221 837 ille,
235 759 326 822 velut
336 758 443 846 pelagi
455 779 554 844 rupes
567 757 705 832 inmota,
718 754 857 817 resistit:

148 865 159 889 ⁶
172 865 216 928 Ut
227 863 334 952 pelagi
346 885 459 951 rupes,
473 883 592 948 magno
606 861 915 946 venientemque,
928 861 940 884 ¹

148 970 228 1050 Quae
243 991 328 1046 sese,
342 968 454 1032 multis
466 967 590 1032 circum
602 964 795 1030 latrantibus
808 963 920 1044 undio,

150 1074 238 1137 Mole
252 1090 356 1152 tenet3
369 1072 496 1161 scopuli
508 1068 734 1159 nequidquam
748 1087 780 1134 et
792 1092 927 1157 spumea
940 1072 1063 1136 circum

150 1179 229 1243 Saxa
242 1180 401 1256 fremunt,
415 1177 575 1265 laterique
588 1177 682 1240 inlisa
694 1175 882 1240 refunditur
892 1176 973 1262 alga.
1148 1195 1191 1252 ιφ

151 1285 289 1362 Verum,
304 1283 360 1347 ubi
372 1283 463 1348 nulla
475 1281 572 1347 datur
584 1303 707 1346 caecum
720 1303 914 1369 exsuperare
926 1299 1070 1370 potestas

152 1389 347 1466 Consilium,
363 1404 395 1451 et
407 1411 501 1452 saevae
514 1403 597 1450 nutu
609 1386 750 1450 Junonis
763 1401 843 1450 eunt
855 1407 922 1464 res3

151 1496 258 1560 Multo
270 1494 349 1560 deos
362 1517 524 1584 aurasque
537 1511 631 1582 pater
643 1509 779 1558 testatus
792 1493 910 1569 inanis,

152 1663 265 1723 Pompon.
275 1661 328 1706 Sub.
342 1681 352 1700 ι
361 1662 507 1724 Apronimus
520 1658 572 1723 leqr't
582 1659 678 1706 scilicet.
689 1679 700 1700 ι
714 1659 783 1705 Goth.
795 1675 840 1705 tec.
854 1657 908 1704 lilt'c.
919 1662 1005 1704 crtnctit
1015 1660 1112 1708 Oudnrt.
1122 1671 1195 1711 omnir

152 1733 260 1782 nonnulli
271 1751 308 1794 np.
319 1734 379 1778 Pier.
389 1758 421 1770 —
431 1731 482 1788 584.
496 1735 584 1778 nomine
593 1731 679 1778 Medic.
691 1755 723 1766 —
735 1731 786 1778 585.
799 1735 883 1776 curum
894 1731 950 1776 dunt
959 1731 1001 1776 Ed.
1015 1733 1075 1778 Ven.
1090 1743 1146 1782 tectu
1161 1747 1195 1797 ty.

152 1807 220 1850 ranni
227 1804 314 1850 Medic.
325 1805 407 1858 Pierii,
417 1802 482 1866 quod
493 1802 591 1848 deiendi
604 1817 671 1864 poete
680 1815 759 1849 contet
772 1803 862 1857 Burin,
875 1803 893 1847 ti
905 1817 967 1866 mqer
980 1801 1069 1864 legatur
1081 1823 1133 1852 cum
1144 1809 1196 1854 Mc-

153 1893 205 1938 mg.
220 1889 244 1922 et
255 1875 336 1921 flamb.
349 1891 385 1936 pr.
396 1899 429 1910 -
438 1874 490 1920 586.
503 1874 555 1935 587.
566 1873 709 1935 Elegantinnr
718 1876 743 1918 in
753 1875 894 1936 repetitione
904 1873 1059 1936 agnoscebant
1072 1877 1162 1924 Pierius
1174 1893 1198 1925 ct

155 1950 260 1996 Ursinus.
269 1947 316 1994 sed
324 1945 392 1992 aliter
401 1945 544 1992 innituentln
556 1957 604 1991 ernt
614 1948 702 2000 oratio,
712 1947 731 1991 ti
740 1958 847 1992 venustat
858 1945 912 1991 inde
923 1945 1053 2006 petebatur.
1064 1948 1165 1995 lncurrit
1173 1951 1198 1996 in

156 2019 237 2065 oculeo
249 2020 342 2072 vitium,
356 2017 420 2079 quod
432 2017 548 2062 bitrem.
561 2015 654 2062 inuidet.
670 2017 715 2060 Aut
729 2029 820 2061 versum
830 2016 944 2076 priorem,
959 2027 1000 2058 aut
1012 2015 1075 2061 hunc
1086 2017 1198 2065 alterum:

160 2091 193 2134 Ut
200 2088 284 2152 priapi,
297 2103 345 2134 etue
356 2089 448 2149 rpnriot
458 2102 592 2148 pereuntum
600 2088 648 2147 jam
658 2085 758 2131 habebnt
771 2087 862 2139 ticino,
876 2099 1015 2146 quamquam
1028 2085 1057 2132 de
1069 2087 1113 2133 hoc
1125 2089 1199 2136 altero

157 2159 182 2204 id
189 2173 284 2203 contere
291 2157 398 2203 molebat.
406 2157 433 2199 lit
441 2155 521 2201 deerat
530 2155 571 2200 ille
581 2169 616 2216 pr.
626 2169 657 2198 m.
667 2155 695 2198 nb
703 2154 777 2199 altero
787 2153 884 2199 Mentel.
896 2165 919 2199 et
928 2171 962 2215 pr.
971 2169 1021 2198 nna
1032 2156 1105 2218 Rigor.
1113 2159 1199 2205 Contra

158 2229 223 2289 prior
234 2240 324 2280 verton,
336 2223 378 2269 lile
389 2221 451 2268 uelut
458 2239 482 2286 p.
494 2239 506 2269 a
519 2223 639 2268 Macrohio
648 2221 764 2277 laudetur,
774 2225 820 2267 Str.
828 2221 870 2268 lib.
881 2223 921 2277 vt,
930 2221 1073 2283 3.Equidem
1084 2227 1115 2270 ita
1125 2230 1202 2275 existi·

159 2313 222 2344 mare
234 2296 584 2358 mulim‚etteutrumqneinter
593 2309 672 2340 versut
681 2293 806 2338 nondum
817 2306 885 2356 poeta
898 2293 1015 2339 absolutor
1027 2308 1050 2341 et
1062 2294 1200 2345 elaboratos.

160 2369 238 2427 Quum
250 2367 349 2414 alterurn
363 2367 497 2429 adjecittet‚
513 2368 615 2429 priorem
628 2381 682 2410 ntox
695 2378 769 2411 morte
783 2371 914 2428 proevtntut
928 2378 1017 2410 mutare
1029 2369 1127 2429 nequiit.
1140 2373 1202 2432 rupis

159 2439 228 2484 Witt.
235 2455 258 2500 p.
267 2437 334 2484 ntoks
344 2449 390 2484 tres
401 2451 538 2499 quatuorve.
551 2438 599 2482 Nisi
611 2433 692 2481 hocad
700 2438 844 2498 tuperiorem
856 2449 946 2480 vernum
959 2445 1057 2496 spectat,
1066 2453 1118 2482 nam
1127 2442 1151 2484 in
1158 2441 1203 2487 hoc

160 2511 221 2556 Pier.
231 2525 259 2556 ex
266 2507 386 2556 nonnullis
395 2509 465 2556 codd.
475 2511 571 2564 notavit,
580 2505 656 2571 pelopi
663 2505 738 2553 moles.
751 2522 829 2571 mapno
836 2516 903 2568 rupes
913 2506 1110 2554 Perrhae—588.
1120 2509 1205 2556 vallan-

162 2579 220 2626 tibus
228 2581 293 2626 undis
305 2580 363 2626 alter
375 2580 455 2626 llnmb.
467 2605 497 2616 -
507 2581 559 2642 589.
572 2579 634 2625 Olim
645 2579 841 2640 interpungehant
851 2590 902 2640 post
911 2576 1014 2636 scopnst,¹
1030 2577 1084 2625 hinc
1094 2583 1203 2628 nonnulli

160 2665 214 2696 mox
222 2652 321 2696 omitere
332 2647 448 2712 copulam.
458 2666 481 2696 v.
493 2651 554 2696 Pier.
566 2662 588 2696 et
601 2651 679 2696 llelnt.
693 2649 767 2694 Habet
778 2661 877 2711 utraque
890 2647 973 2703 lectio,
985 2649 1050 2711 qnod
1063 2648 1166 2712 placent,
1180 2663 1203 2697 et

161 2721 225 2782 quod
234 2719 362 2782 tlitpliceat.
372 2721 503 2767 Rotundior
514 2733 548 2766 ιιι
557 2721 631 2766 oratio
641 2722 664 2764 in
674 2721 816 2783 antiquiore,
823 2735 876 2784 quoe
881 2719 1031 2766 sese-Most
1042 2730 1100 2767 tenet
1105 2721 1204 2787 scopuli·‚·

163 2796 312 2857 neqnt'cqunm
320 2801 343 2837 et
351 2808 385 2855 sp.
394 2791 471 2838 Multo
478 2795 558 2854 tnagis,
566 2795 584 2839 ti
592 2801 615 2838 et
620 2794 726 2854 ejecerit,
733 2794 882 2856 nequicquam
893 2805 985 2854 spumea
995 2795 1080 2837 circum
1091 2810 1148 2838 suro
1153 2795 1207 2858 fie-

163 2871 235 2907 munt.
249 2865 276 2908 At
288 2879 350 2908 nunc
360 2864 479 2909 inducitur
488 2863 562 2909 illud:
573 2879 639 2928 rupes
650 2879 701 2924 qun·
712 2872 770 2908 tenet
779 2878 803 2908 se
815 2862 871 2909 mole
881 2861 980 2925 scopuli:
990 2864 1097 2926 adeoque
1107 2881 1174 2927 rupes
1182 2883 1206 2912 se

165 2943 224 2980 tenu
232 2949 294 2998 rupe.
306 2935 332 2978 ln
341 2937 532 2996 interpunctione
541 2934 612 2980 ultera
624 2933 711 2997 scopuli
719 2947 742 2981 et
754 2939 814 2982 sunu
820 2935 939 2997 fremunt:
951 2935 1015 2997 quod
1025 2951 1073 2980 non
1085 2948 1206 3000 tantopere

165 3006 280 3065 ingratum
292 3017 333 3051 ent.
344 3006 386 3052 Ge.
397 3007 442 3060 111,
455 3006 500 3067 276
511 3007 572 3052 Saxa
580 3021 622 3068 per
632 3015 655 3051 et
663 3005 773 3068 scopulos.
782 3009 873 3068 -iqo
881 3009 926 3054 Pro
936 3003 1000 3050 ntea
1010 3023 1047 3068 ap.
1058 3007 1158 3052 Pierium
1169 3008 1208 3054 alii

101 3127 105 3134 ⁵
165 3091 271 3138 aspersu,
280 3075 320 3122 alii
331 3077 418 3140 insutu,
428 3077 496 3122 Goth.
509 3093 555 3124 tec.
566 3081 668 3131 inversu
677 3093 729 3122 mox
737 3077 863 3140 infunditur
871 3078 929 3124 alter
938 3078 1021 3123 llnmb.
1031 3079 1207 3126 ntomiitnrtec.

168 3144 277 3190 llottcnd.
287 3171 319 3200 -,
329 3147 380 3206 59¹·
393 3153 490 3208 coeptum
499 3145 604 3192 Parthae.
617 3161 723 3209 superare
734 3147 844 3193 Rottend.
857 3161 985 3210 expuqnnre
995 3145 1086 3208 aliquot
1096 3147 1156 3193 Pier.
1168 3163 1210 3210 po-

169 3223 236 3261 testas
248 3228 282 3262 est
296 3231 339 3278 pro
350 3216 439 3278 vulgari
447 3215 561 3280 facultas,
571 3233 615 3264 nec
626 3217 670 3264 hoc
680 3232 724 3279 pro
732 3217 774 3264 illo
786 3219 957 3280 reponendum.
970 3243 999 3254 -—
1009 3219 1060 3278 59²·
1074 3227 1100 3263 ut
1110 3235 1129 3263 s.
1140 3219 1209 3266 Goth.

158 3305 204 3350 .pr.
216 3298 292 3334 euntes
302 3290 367 3334 liorn.
379 3313 411 3325 -
423 3289 476 3349 593.
488 3297 582 3334 testutm
590 3288 676 3334 Medic.
688 3300 711 3333 ct
721 3287 761 3334 ulii
770 3289 831 3335 Pier.
844 3302 867 3336 ct
878 3291 959 3336 Heint.
973 3304 1026 3334 ctun
1041 3288 1115 3336 tn'bm
1127 3289 1210 3346 Goth„

169 3362 246 3407 minut
255 3373 342 3416 comtc;
353 3374 401 3406 tum
411 3377 463 3406 uras
476 3365 552 3407 inanes
564 3361 646 3406 llamb.
657 3358 735 3406 alteru
744 3375 774 3404 m.
785 3378 821 3424 pr.
830 3374 853 3407 et
860 3378 903 3424 pro
914 3377 961 3408 var.
975 3359 1028 3406 lect.
1040 3363 1116 3422 prior,
1127 3374 1152 3408 ut
1161 3377 1212 3408 arnt

169 3503 248 3562 pectu
262 3491 295 3544 od
306 3511 368 3563 opes
380 3505 405 3544 et
418 3493 540 3546 ardentes
550 3495 664 3547 Lavinite
714 3491 803 3544 multis
826 3493 1015 3563 frequentata,
1039 3505 1068 3542 ut
1092 3492 1212 3564 exempla

170 3589 268 3623 comas.
293 3591 374 3644 supra
392 3593 415 3624 v.
438 3575 473 3642 64
494 3593 551 3645 sqq.
576 3585 666 3626 contra
715 3571 1211 3642 coacervarepigeatvirgiliustnmen

164 3649 227 3719 fatu
244 3653 338 3716 deum,
351 3653 433 3704 Fauni
447 3655 584 3705 oraculum
596 3671 620 3704 v.
632 3653 663 3704 81
716 3653 884 3704 Homericum
895 3651 983 3701 locum
993 3649 1068 3702 iliud.
1080 3672 1103 3714 ο,
1117 3651 1212 3703 618-

172 3747 211 3799 tq.
223 3749 339 3801 perverto
347 3732 466 3797 numine,
478 3751 536 3802 pro,
545 3731 666 3800 adverso,
715 3732 763 3783 621
785 3743 845 3782 ante
864 3731 955 3782 oeulos
972 3729 1079 3794 habuit,
1097 3742 1123 3781 et
1135 3749 1213 3781 oxor-

172 3811 257 3872 irato‚
274 3809 345 3862 Serv.
363 3811 397 3860 cf.
412 3812 498 3861 Burin.
511 3811 607 3862 Nescio
626 3825 668 3861 to·
716 3811 797 3862 novit.

173 3905 251 3951 men,
268 3907 356 3941 annon
373 3891 461 3958 potius
480 3907 536 3940 esse
556 3889 668 3955 debent,
752 3889 812 3959 593.
836 3906 933 3954 aurat,
958 3887 1065 3950 celum,
1091 3888 1213 3940 munibus

174 3984 312 4036 pervorsa,
325 3967 669 4032 conturbatnetinlirmata
716 3969 827 4020 sublatis
849 3969 1004 4020 obtestetur.
1028 3966 1134 4032 inanes,
1157 3968 1212 4037 epi-

174 4045 286 4096 deornm
305 4046 448 4098 voluntate.
465 4075 498 4090 -κ
512 4047 666 4116 586-590.
718 4047 808 4100 theton
817 4059 974 4118 perpetuum
982 4047 1049 4097 neris
1062 4057 1087 4096 et
1099 4045 1213 4113 aetheris,

173 4124 264 4196 lmago
277 4127 315 4176 rei
332 4125 365 4178 od
382 4143 487 4178 sensum
504 4125 594 4190 obvia,
610 4139 636 4177 et
653 4145 669 4178 a
717 4147 742 4178 v.
754 4147 776 4179 c.
791 4125 863 4196 apud
879 4127 983 4178 Lucret.
1000 4125 1085 4194 Supra
1097 4125 1132 4174 Vl
1141 4165 1148 4190 ‚
1162 4125 1213 4193 740
