3028 4682
521 389 584 452 AD
608 387 808 452 LIBRUM
828 389 893 454 Vl.
1167 396 1229 461 235

192 512 265 572 tione
272 510 392 580 judicum
409 510 494 577 facta,
504 509 629 562 silentum
641 509 788 564 Concilium
801 523 892 578 uocat,
908 509 952 564 die
964 511 1036 564 dieto
1049 515 1113 566 citat
1125 533 1185 568 reos
1196 515 1231 568 ad

193 592 321 664 judicium
332 591 421 662 (coni.
430 593 492 643 Van
502 591 604 663 Lena),
615 592 762 664 vitasqueet
770 593 882 643 erimina
890 592 982 659 discit,
993 594 1085 647 audita
1093 597 1232 668 utriusqus

195 673 279 742 partis
292 672 421 722 oratione.

229 753 288 805 iarn
300 751 516 818 Rhadamanthus
525 753 603 825 lonqe
616 752 669 804 alio
683 753 742 806 laco
756 773 787 806 ac
799 753 880 806 arado
893 756 1053 806 constitutas
1070 767 1109 809 est
1127 759 1153 809 in
1167 757 1234 808 Tar·

195 844 268 892 tar0;
277 849 330 882 non
339 844 391 883 tarn
397 829 480 901 judex
488 845 533 884 aut
540 834 724 904 magistratus,
736 835 781 903 qui
791 835 962 903 questionem
970 847 1086 901 exercet,
1094 849 1120 887 et
1128 853 1235 887 cassssas

195 910 323 980 capitales
333 913 514 981 persequitur:
528 925 557 964 ut
567 913 654 964 Minos
661 933 668 974 3
676 911 723 964 sed
734 914 778 982 qui
784 913 995 964 Triumvirorun
1001 913 1153 984 capitalium
1162 931 1236 965 more

194 991 338 1041 sententias
348 990 468 1058 judicum
480 993 650 1062 exsequitur,
663 990 824 1062 supplicium
834 993 927 1056 sumit,
936 1003 962 1042 et
974 990 1045 1042 idern
1057 989 1091 1042 de
1101 993 1234 1046 inferioris

195 1068 296 1120 ordinis
308 1069 473 1134 hominibus,
483 1072 564 1136 furti,
576 1073 763 1144 grassationis,
772 1071 904 1142 sacrile'gii
916 1074 967 1122 reis
980 1073 1131 1142 cognoscin
1145 1073 1235 1141 itaquo

195 1149 258 1200 item
271 1161 401 1204 tormenta
419 1150 542 1216 adhibet,
555 1151 685 1204 scelerum
700 1154 855 1217 convictos,
872 1154 1017 1222 quastione
1038 1151 1145 1203 admota
1158 1151 1237 1202 fateri

195 1229 267 1300 cogit
277 1230 382 1282 occulto
390 1243 544 1301 perpetrata
554 1252 560 1282 ι
571 1251 595 1282 v.
610 1231 661 1284 566
673 1231 794 1284 Gnossius
807 1230 861 1282 hoec
872 1230 1089 1284 Rhadamanthus
1102 1229 1178 1282 habet
1189 1229 1238 1280 du·

196 1308 296 1360 sissima
309 1329 405 1382 sequa,
420 1311 586 1385 &stipatque
597 1311 723 1383 auditque
737 1310 821 1378 doles,
832 1312 980 1384 sulsiqitquc
991 1312 1090 1382 fateri,
1105 1309 1239 1384 Quisquis

196 1389 395 1462 episcopans,
406 1390 597 1463 furtadatatus
609 1391 701 1457 inani,
714 1390 827 1445 Distulit
838 1392 960 1445 inseram
977 1391 1111 1444 commissa
1128 1385 1239 1462 piacula

196 1479 311 1520 martem.

232 1548 329 1601 lisdem
336 1549 477 1618 judicibus
487 1551 559 1624 apud
570 1553 670 1604 inieras
679 1552 723 1604 alii
736 1552 813 1604 aliter
827 1553 868 1603 usi
883 1564 960 1612 sunt3
974 1569 1053 1604 nemo
1065 1535 1175 1604 liberius
1187 1549 1241 1599 Lu·

199 1627 276 1678 mana
288 1629 315 1678 iu
328 1627 449 1701 Cataplo,
459 1645 484 1684 et
497 1630 571 1682 alibi.
582 1632 702 1682 Proxime
713 1631 747 1682 ad
757 1633 905 1697 Maronem,
914 1643 1041 1683 attamen
1050 1628 1183 1699 Principis
1192 1627 1242 1676 tto-

198 1706 273 1756 mani
282 1709 457 1779 nequitiarum
469 1709 619 1774 adumbret,
631 1709 729 1762 Statius
740 1710 824 1763 Theb.
832 1711 902 1776 Vlll,
914 1727 943 1763 st
958 1728 997 1781 sq.
1008 1711 1084 1762 Forte
1092 1709 1180 1760 sedens
1188 1724 1241 1757 me·

200 1783 244 1832 dia
257 1787 331 1858 sequi
342 1787 457 1858 infelicis
470 1789 497 1842 in
511 1807 570 1840 arce
578 1826 587 1854 ,
595 1789 659 1842 Dux
666 1789 747 1840 Erebi
756 1787 867 1861 populas
877 1790 996 1860 poscebat
1005 1788 1118 1839 crimina
1130 1788 1196 1838 uita.
1206 1813 1240 1823 -

197 1861 368 1918 StantFurioe
379 1868 493 1934 circum,
511 1869 642 1940 vanaque
660 1887 691 1920 ex
709 1867 801 1920 ordine
812 1869 928 1933 Mortes,
950 1869 1075 1940 Savoque
1087 1863 1241 1917 multisonas

198 1953 297 1993 exercet
309 1945 390 1998 Poena
404 1959 508 2000 catenas
519 1947 662 2019 (tanquam
675 1951 856 2020 apparitores,
867 1947 1018 2012 carnifices,
1031 1947 1100 1998 servi
1112 1943 1239 2018 publici).

199 2019 264 2070 Fata
270 2020 365 2089 serunt
374 2025 509 2078 animaret
519 2027 607 2078 eodem
614 2025 712 2097 pollice
721 2025 959 2095 damnant(Parcse
972 2046 992 2078 s.
1004 2025 1099 2093 Μοῖραι,
1113 2034 1241 2076 accusant

200 2110 226 2148 ct
239 2103 344 2170 rapiunt
366 2106 466 2158 animas
479 2105 514 2158 ad
528 2106 644 2158 tribunal
656 2106 788 2170 Plutonis,
798 2119 825 2157 ct
837 2107 1007 2158 accusatione
1017 2123 1065 2156 sua
1076 2115 1184 2155 movent
1195 2105 1241 2170 ju-

201 2175 302 2241 dicem,
312 2194 340 2232 ιιι
348 2201 407 2234 reos
417 2183 576 2236 condemnet
586 2207 591 2236 :
599 2183 689 2256 pollex
698 2184 855 2236 referendus
863 2184 1005 2258 adgestum
1015 2184 1136 2237 dicentis.
1144 2183 1241 2244 Notus,

203 2255 311 2325 infestus
324 2260 436 2334 pollex).
461 2263 554 2316 Vincit
570 2263 828 2334 opus(incredibilis
841 2276 880 2316 est
898 2279 1050 2315 cenaturum
1072 2257 1239 2329 multituda).

202 2337 283 2388 Juxta
299 2339 404 2406 allinus,
421 2342 574 2413 cumfratre
588 2343 698 2395 uerenda
707 2345 774 2395 dura
785 2343 867 2395 denses
880 2341 988 2394 meliora
1000 2351 1090 2394 monet
1101 2341 1241 2410 (tanquam

202 2407 403 2474 iureconsultus
421 2423 532 2494 aliquis,
552 2426 596 2494 qni
609 2425 725 2494 Principi
746 2425 919 2494 cognoscenti
933 2422 1009 2476 aslest
1027 2439 1074 2476 seu
1095 2419 1193 2474 assidet
1214 2419 1240 2468 in

202 2497 347 2570 consilio),
361 2519 497 2576 senemque
506 2514 643 2554 cusentum
657 2503 802 2574 Temperat.

649 2677 790 2692 μ

459 2793 823 2884 excursus
859 2795 981 2884 xri.

318 2977 419 3068 Orgia
433 2979 598 3047 Bacchica
609 3001 778 3070 poetarum
790 2983 898 3049 usr'bus
911 2985 1126 3050 inservientia.

238 3139 287 3204 Vl,
301 3139 448 3212 517-519.
459 3141 512 3194 Illa
522 3145 665 3217 (Helena),
675 3147 784 3200 cicorum
795 3147 937 3212 simulans,
947 3158 1051 3200 evantes
1057 3147 1131 3219 osyia
1142 3145 1242 3199 circum

202 3217 320 3268 Ducebat
331 3219 461 3292 Phqqias
470 3223 627 3298 ‚flammam
640 3226 724 3276 nsedia
741 3227 794 3297 ipso
808 3229 911 3278 teneaat
928 3229 1064 3298 Ingentem
1076 3264 1085 3292 ,
1104 3236 1131 3277 et
1140 3243 1243 3277 summa

204 3295 310 3350 Danaas
321 3315 421 3350 exerce
433 3303 547 3352 uacabat.
560 3302 750 3356 commendavi
762 3307 787 3355 in
801 3307 871 3357 Nota
883 3305 950 3372 hoc,
963 3323 1009 3356 seu
1022 3305 1181 3375 antiquioris
1196 3320 1244 3354 sen

205 3377 289 3427 nostri
300 3391 385 3448 poetae
399 3380 548 3446 inventum,
561 3381 634 3453 quod
646 3382 813 3454 probabilem
830 3383 947 3456 aliquam
962 3385 1093 3436 rationem
1113 3384 1244 3454 apponit,

205 3459 341 3525 quomoda
349 3459 405 3513 fieri
413 3465 544 3533 potuerit,
558 3475 588 3514 ut
595 3463 704 3528 Helena,
713 3465 773 3516 iace
783 3483 814 3516 ex
825 3483 885 3517 arce
895 3463 1010 3530 sulrlata,
1021 3463 1128 3516 Achivis
1139 3464 1245 3536 signum

206 3537 283 3590 daret
299 3540 372 3592 urbis
384 3543 528 3614 capienda.
541 3545 614 3596 luter
632 3546 706 3616 orgia
717 3547 787 3596 enirn
799 3558 881 3597 noctu
892 3544 998 3608 habita,
1008 3543 1113 3596 lacibus
1126 3543 1244 3596 accensis

206 3619 275 3670 iuter
287 3618 513 3677 discursitatioaes
525 3623 727 3692 bacchantium,
738 3625 816 3678 facile
829 3625 911 3677 latera
921 3624 1009 3694 potuit
1021 3621 1123 3694 perfida
1134 3621 1245 3688 mulier,

205 3697 292 3748 facem
301 3700 438 3752 exitiosam
447 3702 550 3755 tollens.
564 3705 619 3756 Nec
632 3703 701 3756 male
713 3703 858 3756 Bacchicus
871 3703 972 3755 thiasus
984 3703 1108 3753 convenit
1121 3703 1194 3754 nacti
1206 3701 1247 3752 in-

207 3787 247 3829 ter
257 3777 374 3849 tripudia
384 3791 508 3834 etcantus
516 3797 629 3850 exactae,
642 3801 724 3854 quum
736 3783 903 3838 obsidionem
913 3782 1027 3834 solutam
1036 3799 1093 3834 csse
1106 3781 1246 3834 crederent

193 3857 323 3925 .'l'rojani.
337 3877 362 3910 v.
375 3859 466 3926 Quint.
480 3862 526 3913 lib.
537 3863 607 3928 xm,
618 3883 668 3934 pn,
682 3881 764 3935 quoru
777 3865 885 3916 omuino
896 3863 1016 3916 sollenne
1028 3863 1061 3914 sit
1074 3863 1169 3932 poetis,
1179 3877 1247 3934 gau-

206 3937 251 3990 dia
261 3952 287 3992 et
297 3938 407 3994 choream
420 3943 447 3992 ia
457 3941 546 3995 latitia
555 3943 664 4015 publica
673 3964 733 3998 curn
745 3945 838 3997 thiasis
854 3943 952 3996 Bncohi
964 3957 1010 3996 aut
1028 3959 1185 4014 comparare
1198 3953 1243 3993 aut

192 4021 385 4086 .confundere;
397 4024 581 4096 arripiantque
594 4023 693 4078 illihscc
705 4039 781 4078 tanto
793 4024 927 4098 cupidius,
936 4027 998 4096 quia
1007 4043 1056 4076 nec
1066 4025 1093 4074 in
1106 4022 1181 4094 possi
1190 4022 1243 4073 'nec

205 4105 234 4155 in
250 4102 373 4155 caelatura
388 4104 531 4176 quicquam
553 4119 609 4171 est,
631 4106 703 4178 qnod
723 4107 800 4179 plura
817 4109 955 4180 magisque
972 4109 1074 4159 variata
1086 4114 1242 4156 ornamenta
