2968 4696
439 373 674 465 nnnrnos
697 373 851 437 menn
874 374 960 439 vrr.
1157 375 1221 465 293'

184 493 282 560 Arma
293 493 388 575 velit,
400 513 581 586 poscatque
593 495 704 573 simul,
717 496 888 585 rapiatque
897 497 1062 586 juventus.
1075 527 1098 556 u·
1177 510 1222 566 (tto

226 601 310 666 Exin
322 601 505 689 Gorgoneis
516 601 782 668 Allectoiniecte
788 603 926 667 venenis

182 703 348 796 Principio
362 695 493 772 Latium
506 724 539 772 et
550 709 723 772 Laurentis
735 724 820 774 tectu
833 709 961 796 tyranni

183 809 278 875 Celsa
288 813 387 900 petit,
398 813 599 902 tacitumque
612 812 743 878 obsedit
754 813 855 876 limen
866 816 990 878 Ametae
1002 837 1009 876 :

180 916 290 996 Quam
301 939 401 1006 super
412 917 557 983 adventu
568 921 737 986 Teucrum
748 919 922 1008 Turnique
934 917 1115 1008 hymenaeis

181 1020 346 1086 Femineae
357 1021 529 1088 ardentem
540 1045 693 1114 euraeque
707 1025 831 1113 iraeque
843 1024 1040 1114 coquebant.
1179 1037 1222 1094 345·

183 1126 271 1193 Huic
283 1125 345 1192 dee
357 1128 504 1194 caeruleis
516 1152 621 1194 unum
633 1128 675 1194 de
688 1129 833 1195 crinibus
845 1151 986 1218 unguem

215 1281 268 1340 340.
279 1301 304 1348 p.
320 1300 340 1332 s.
355 1288 452 1350 Troiam
461 1289 570 1350 juventus
586 1286 676 1352 aliquot
689 1287 764 1344 Pie-n,
776 1289 853 1334 minus
867 1287 936 1334 bene.
954 1311 986 1324 -
1001 1285 1055 1344 341.
1067 1285 1105 1332 ll'x
1116 1284 1167 1334 ltiuc
1178 1285 1226 1334 duo

182 1353 262 1399 burm.
275 1365 299 1400 et
315 1353 385 1400 Goth.
397 1367 451 1402 tert.
458 1389 465 1412 ,
476 1368 502 1402 nt
513 1355 589 1404 uolent
601 1363 707 1404 recenter
721 1357 810 1404 librarii
821 1357 931 1404 scribere.
943 1354 1040 1404 Allecto.
1050 1358 1080 1403 cl.
1095 1355 1125 1402 ad
1138 1373 1160 1402 r.
1172 1353 1226 1412 ind.

184 1421 270 1486 irptuctu
277 1423 339 1470 Gnd.
350 1428 364 1470 ι’.
375 1424 479 1472 medullis
488 1428 580 1490 idemq.
590 1445 626 1491 pr.
635 1453 667 1464 -
674 1427 726 1484 341.
737 1430 764 1473 L.
775 1436 790 1474 t.
803 1429 878 1474 latini
883 1426 1001 1483 Parthen,
1013 1443 1041 1474 ex
1050 1428 1125 1490 intpp.
1134 1451 1166 1461 -
1173 1424 1226 1481 343-

182 1493 265 1541 obsrdr't
277 1495 338 1541 Gud.
349 1508 373 1542 et
380 1496 477 1544 Mentel.
490 1497 611 1545 alteram.
622 1515 657 1562 pr.
664 1533 671 1555 ,
678 1499 747 1559 Quod
756 1499 828 1547 ttetm
838 1497 945 1546 illustrat.
954 1506 1033 1562 pectus
1040 1498 1070 1543 A.
1080 1497 1140 1554 nrt..
1150 1495 1191 1543 ted
1199 1511 1228 1542 eo

184 1565 291 1612 nondum
300 1581 439 1629 perventuro
448 1585 520 1616 nunc.
527 1595 559 1606 -
568 1569 621 1628 346.
630 1571 760 1618 Hoeven.

183 1688 377 1754 florentinum,
393 1693 405 1743 l
412 1728 420 1757 ‚
433 1691 514 1746 Serui.
528 1695 563 1759 3,
575 1694 618 1761 34.
636 1694 680 1746 de-
729 1695 789 1764 343.
804 1695 1018 1760 recticulum,
1029 1706 1074 1746 nut
1085 1710 1135 1765 pro
1147 1691 1227 1744 tacite

182 1768 265 1841 nique
274 1779 297 1820 te
308 1770 392 1840 ipsum
402 1783 551 1828 concute-
559 1793 610 1846 pro
624 1773 679 1826 vul-
729 1775 849 1842 obuedit‚
861 1789 891 1828 nt
902 1775 1023 1839 Servius,
1035 1787 1081 1826 cut
1096 1784 1228 1843 quotenus

183 1851 353 1919 gutierrum.
498 1903 502 1908 ,
729 1854 762 1906 de
778 1854 983 1908 matrisfamiliae
1000 1852 1124 1905 eubiculo
1142 1851 1230 1920 agitur

218 1927 278 1991 34ι.
297 1928 396 1982 Omneu
414 1929 467 1982 hoc
487 1945 582 2002 poetae
604 1933 680 2003 sequi
728 1935 756 1986 in
773 1935 913 1988 secretiore
932 1933 1026 1986 domus
1045 1945 1128 2004 parte.
1143 1929 1230 1983 Cerdu

183 2007 290 2074 vident,
303 2021 332 2060 ut
348 2010 479 2062 mundatio
494 2011 581 2077 datis,
597 2013 681 2084 inpri-
729 2011 765 2064 ed
781 2031 858 2064 curuo
879 2012 983 2074 retulit;
997 2029 1033 2063 ec.
1051 2023 1081 2062 ut
1100 2011 1179 2060 tacita
1196 2011 1230 2061 sit

184 2089 235 2136 mis
251 2105 266 2138 n
286 2090 451 2157 potentiore,
464 2108 518 2142 non
534 2091 617 2142 verba
636 2089 682 2144 ted
730 2094 832 2144 Amata.
843 2093 951 2157 Sed,nt
962 2091 1029 2152 dixi,
1040 2090 1073 2143 de
1086 2089 1229 2142 solitudine

186 2166 243 2234 ipra
258 2183 300 2218 rec
312 2169 401 2219 statim
410 2168 573 2237 subjiciatur.
586 2170 618 2220 Et
629 2189 682 2222 me·
732 2183 771 2222 eet
790 2170 990 2242 accipiendum,
1010 2188 1069 2241 qnae
1087 2187 1147 2220 cum
1166 2186 1230 2220 cura

186 2245 253 2306 rito;
269 2246 327 2316 quie
341 2245 463 2298 dubitet?
473 2249 503 2299 ln
516 2247 626 2319 Virgilio
637 2249 684 2319 iqi-
733 2259 759 2298 et
770 2247 975 2310 dolorementis
989 2248 1068 2298 tacito
1080 2246 1149 2298 bene
1165 2265 1231 2298 con-

186 2333 230 2374 tnr
245 2322 297 2375 hoc
315 2323 380 2376 nihil
395 2343 527 2396 magnum.
544 2326 684 2398 Gorpomu
731 2329 812 2380 venit.
824 2327 928 2393 -344,
951 2325 1010 2393 345.
1032 2327 1141 2398 Proprie
1164 2325 1231 2376 dici-

185 2401 277 2455 Alecto
299 2404 396 2475 insecta
419 2406 523 2456 venenis
549 2407 684 2476 occipiunt
732 2424 791 2457 mur
820 2423 930 2478 coquere
955 2405 1020 2456 irum
1046 2415 1150 2476 pectore
1161 2442 1171 2470 ,
1201 2415 1231 2456 ut

152 2469 159 2492 ¹
186 2484 487 2548 eic‚utvenenauecum
494 2484 606 2545 afferren
620 2501 685 2554 quo·
732 2482 844 2546 simu,
860 2485 902 2538 vel
918 2481 1023 2550 uicem
1041 2487 1078 2536 sic
1094 2484 1172 2538 Silius
1191 2484 1230 2548 ll,

186 2560 268 2612 modo
281 2561 354 2634 opud
362 2562 486 2614 Ovidium
498 2564 524 2614 in
535 2563 612 2615 simili
623 2563 683 2615 loco
733 2563 783 2634 ³²7
804 2563 943 2636 impatiens
960 2580 1086 2636 asperque
1105 2559 1233 2634 coquebat

186 2641 250 2693 Met.
263 2643 298 2692 tv
306 2679 314 2708 ‚
327 2642 387 2712 499.
404 2640 538 2694 Attulerat
551 2660 635 2696 secum
651 2641 685 2693 li·
731 2644 794 2694 Jam
803 2641 904 2694 dudum
920 2641 1030 2694 immites
1042 2642 1092 2694 iret
1100 2679 1109 2706 ,
1119 2642 1166 2692 ubi
1176 2639 1230 2694 vid.

185 2721 263 2792 quidt'
278 2739 382 2794 quoque
395 2732 510 2774 monstra
525 2722 619 2774 ueneni
632 2734 682 2776 etc.
732 2719 881 2783 Drakenb.;
894 2732 950 2772 tum
959 2739 1023 2772 vero
1033 2720 1160 2792 exquisite
1171 2721 1231 2792 ipta

186 2801 239 2854 Sed
251 2804 288 2854 sic
301 2801 398 2874 infecta
409 2822 504 2875 purum
514 2803 619 2875 plaeere
632 2823 682 2876 po·
734 2800 773 2852 t'ru
787 2799 883 2853 dicitur
899 2818 1010 2872 coquere
1022 2819 1066 2853 nos
1080 2799 1133 2852 vel·
1140 2809 1231 2872 pectus

186 2893 254 2946 tect,
274 2894 299 2932 et
317 2883 345 2933 in
363 2895 455 2935 nostro
473 2882 535 2934 loco
553 2902 684 2936 venenum
732 2889 866 2944 nostrum,
884 2878 912 2931 h.
934 2899 957 2930 e.
979 2880 1101 2951 agitare,
1125 2897 1230 2931 vexere.

187 2977 243 3011 non
255 2962 312 3030 ipsu
322 2958 372 3012 den
382 2964 489 3026 miscet,
499 2961 547 3014 sed
558 2981 582 3014 v.
594 2961 685 3029 35401
732 2960 794 3010 lloec
805 2960 874 3012 ratio
890 2961 945 3028 jam
962 2957 1047 3010 Ennio
1063 2947 1231 3028 frequentate

188 3035 280 3089 afflatu
301 3041 429 3109 serpentis
447 3039 514 3090 illud
530 3041 636 3110 corpori
656 3058 685 3092 se
733 3039 834 3090 innoto
841 3037 887 3090 illo
895 3035 967 3110 apud
975 3037 1129 3090 Ciceronem
1138 3054 1231 3088 versu:

188 3118 313 3169 insinuat.
323 3116 359 3169 At
370 3136 393 3166 v.
405 3117 457 3185 346
469 3137 580 3190 anguem
590 3121 635 3171 illa
652 3117 685 3172 de
735 3135 826 3168 curam
836 3147 869 3156 —
881 3119 945 3187 Quoe
963 3133 1035 3168 nunc
1056 3127 1080 3168 te
1100 3115 1191 3188 coquit
1207 3125 1233 3168 et

189 3199 276 3270 capite
293 3197 438 3249 detractum
452 3199 684 3261 immittitdrnatoe;
736 3204 819 3247 venat
838 3196 886 3248 sut
910 3206 1013 3266 pectore
1031 3191 1099 3266 fixa.
1118 3223 1153 3235 -
1169 3193 1233 3260 346.

189 3295 253 3349 erqo
276 3275 323 3329 illu
344 3277 483 3348 Gorponeis
500 3277 630 3348 uupuilut
645 3294 688 3328 cn·
734 3273 936 3337 Huic‚inlranc.
947 3271 1079 3340 4101349.
1093 3271 1169 3324 leuia
1179 3271 1235 3342 epl-

145 3371 148 3380 ’
189 3367 240 3428 put
256 3356 370 3406 cinctum
386 3353 519 3406 habebat:
538 3355 637 3408 scilicet
655 3373 687 3407 ex
735 3352 827 3405 theton
850 3353 953 3423 egregie
970 3351 1118 3416 delectum,
1135 3361 1165 3401 ut
1181 3367 1234 3402 ser·

189 3436 297 3507 poetica
317 3436 419 3486 ratione
440 3451 538 3485 uenena
559 3453 609 3506 pro
631 3452 687 3487 eer—
735 3433 822 3502 pentit
840 3431 973 3484 lubricum
990 3430 1095 3504 lapsum
1116 3429 1231 3500 adjuvet.

189 3514 315 3585 pentibus
331 3513 418 3578 dicte,
434 3513 528 3586 quibus
546 3513 625 3566 Furia
639 3533 686 3566 co·
735 3512 808 3565 Aliae
829 3524 869 3564 est
892 3509 971 3564 molle
992 3527 1108 3582 corpus,
1130 3523 1232 3581 pectus.

189 3590 340 3645 mosbabet
360 3592 590 3664 implexe83quum
607 3592 687 3646 semel
736 3589 862 3662 fallitque
880 3589 1040 3659 furentem,
1062 3587 1127 3641 latet
1155 3607 1234 3659 eam,

191 3690 291 3724 uertenu
302 3673 451 3743 poenicea,
467 3673 565 3746 insecta
580 3691 687 3744 qnoque
736 3659 805 3720 dnm‘
822 3668 945 3720 volvitur.
968 3667 1039 3720 Bene
1058 3665 1130 3718 Serv.
1154 3667 1234 3720 «sine

191 3751 386 3804 benedicebat.
399 3751 472 3804 Nihil
484 3753 565 3823 igitur
575 3752 686 3824 amplius
736 3747 888 3818 accipientis
897 3765 979 3799 censu
993 3769 1004 3792 n
1019 3745 1076 3797 Nisi
1087 3744 1163 3797 matis
1172 3747 1234 3816 jnn-

192 3829 379 3902 cogitandum,
392 3849 471 3902 quern
482 3853 488 3880 ι
501 3831 566 3883 Exin
575 3831 686 3899 Alecto,
736 3845 797 3900 gere
809 3849 815 3879 ε
827 3825 907 3898 fallit
925 3825 1069 3897 inspirans,
1088 3825 1172 3879 oete
1189 3825 1235 3876 u’o-

192 3929 252 3982 que
264 3923 345 3984 caput
356 3909 486 3983 anguibus
497 3909 635 3962 horridum
643 3911 689 3964 hn—
735 3904 816 3961 urim.
829 3905 928 3958 Afllare
943 3917 1030 3958 nutem
1047 3905 1181 3977 putandus
1194 3919 1234 3959 est

192 3989 255 4054 bet,
276 3985 345 4062 petit
361 4003 410 4042 etc.
424 3990 554 4061 Gorponei
573 4008 688 4062 unguet,
738 4004 846 4057 serpens
858 3985 943 4038 halitu
951 3983 1092 4050 veneneto,
1105 3998 1233 4056 tunquam

194 4069 286 4140 quales
297 4069 414 4124 Modusae
431 4082 512 4141 eaput
526 4071 641 4142 cingunt.
654 4099 689 4112 -
738 4069 835 4123 furoris
845 4085 910 4122 tura
919 4065 1117 4140 uliquu,pectus
1128 4067 1233 4137 regine,
