3022 4682
450 370 705 440 .AENE1DOS
728 371 882 435 LIBER
903 369 967 436 vl.

242 503 302 568 Hie
314 501 394 566 actis
405 521 548 588 propere
562 497 751 586 exsequitur
763 513 926 584 praecepta
938 492 1075 586 Sibyllae.

195 611 359 698 Spelunca
370 608 436 673 alte
447 608 524 687 fuit,
537 623 696 695 vastoque
709 605 850 668 inmunis
862 600 968 683 hiatu,
1005 677 1009 688 ⁸

196 719 356 806 scrupea,
370 734 438 783 tutu
450 717 524 782 lucu
537 715 631 803 nigro
644 734 886 800 nemorumque
899 712 1059 793 tenebrie;

196 823 305 904 Quom
316 845 416 911 super
425 821 517 888 haud
528 821 602 886 ullae
615 836 768 908 poterant
779 819 904 906 inpune
917 818 1065 884 volantes

197 927 353 994 Tendere
365 930 429 994 iter
439 929 558 1019 pennis
570 951 577 989 ε
591 926 664 992 talis
676 949 748 990 sese
760 924 880 988 halitus
891 925 970 988 utris

200 1033 362 1100 Faucibus
376 1034 555 1099 effundens
567 1054 687 1118 supera
698 1029 741 1095 ed
753 1051 898 1095 convexa
910 1028 1036 1094 ferebat
1048 1055 1055 1092 ι

198 1138 212 1165 ’
224 1137 322 1204 Unde
334 1141 445 1206 locum
457 1139 547 1204 Graii
561 1137 714 1201 dixerunt
725 1136 859 1200 nomine
872 1135 1043 1199 Aornonl*

199 1244 351 1326 Quatuor
361 1244 415 1309 hic
428 1245 573 1332 primum
585 1242 743 1329 nigrantis
756 1258 845 1329 terga
853 1241 1016 1330 juvencos

201 1351 392 1428 Constituit,
407 1350 574 1438 frontique
588 1349 727 1436 invergit
739 1348 814 1411 vina
827 1344 995 1426 sacerdon

201 1455 257 1534 Et,
271 1477 414 1520 summes
427 1477 564 1543 carpens
576 1452 686 1518 media
698 1455 785 1518 inter
797 1476 920 1519 cornua
932 1469 1040 1531 saetas,

233 1639 286 1686 236.
295 1639 401 1686 mundato
408 1639 474 1686 Leid.
485 1655 553 1686 unce.
561 1665 593 1678 -
602 1639 653 1686 238.
665 1641 762 1703 Semper
771 1638 819 1685 duo
827 1637 915 1684 indocti
925 1638 1014 1685 librarii
1022 1655 1058 1701 ap.
1066 1639 1144 1684 Burro.
1153 1639 1248 1698 Ettlio·

199 1713 312 1758 merirum
323 1727 329 1756 :
340 1706 514 1758 manuelem.
524 1727 604 1776 moqm
613 1711 664 1756 laco
673 1711 738 1757 Leid.
750 1737 782 1746 -
792 1711 844 1772 239.
856 1708 958 1767 volitem
969 1709 1066 1756 Dorvill.
1080 1723 1103 1756 et
1112 1710 1181 1757 Goth.
1192 1724 1246 1757 tert.

200 1782 318 1845 ergloota.
325 1807 357 1818 ·-
364 1783 416 1840 adr.
426 1786 448 1827 in
460 1783 545 1828 omdem
553 1785 621 1829 Goth.
631 1795 682 1830 tert.
691 1797 793 1829 connexo
800 1783 882 1828 vitiose
892 1783 981 1827 Nonius
990 1784 1014 1826 in
1024 1782 1249 1845 Auemucferebont

200 1851 263 1898 Gud.
274 1869 288 1898 a
296 1867 329 1896 m.
339 1868 375 1913 pr.
387 1875 419 1886 -
429 1850 481 1907 242.
491 1853 576 1898 Totum
587 1869 679 1899 vertum
692 1853 721 1898 ab
728 1850 773 1898 alia
783 1867 853 1897 manu
863 1853 975 1897 intertum
983 1852 1080 1898 credere
1089 1853 1122 1897 lae
1129 1864 1176 1908 eet,
1184 1865 1248 1899 certe

201 1920 231 1966 nb
243 1922 308 1983 epita
317 1923 407 1967 ratione
417 1919 534 1979 alienum
546 1925 634 1985 ejectus
641 1938 737 1986 quoque
745 1933 779 1967 eet
787 1937 799 1966 a
808 1923 858 1967 viro
868 1920 946 1976 docto,
955 1923 995 1984 qui
1006 1921 1133 1966 editionem
1141 1923 1248 1968 Parmen-

201 2007 250 2038 tem
258 1995 355 2038 curarit.
367 1995 387 2036 Δ
395 1994 475 2056 fragm.
486 1996 562 2040 Vatic.
572 1995 641 2056 plane
654 1994 731 2049 obest,
742 1996 811 2039 etium
822 1993 851 2038 ab
860 1991 924 2048 aliie,
934 1995 967 2038 tic
975 2009 987 2039 a
995 1991 1065 2038 Goth,
1074 2004 1127 2039 tert.
1134 1995 1161 2038 ln
1170 1994 1249 2040 Medi-

201 2077 246 2108 ceo
253 2061 352 2124 aliisque
358 2065 556 2124 prestantioribue
563 2079 576 2108 a
582 2065 672 2110 recenti
681 2077 753 2108 moun
762 2061 899 2122 admiptut.
911 2063 1000 2107 Pierius
1007 2072 1085 2106 tamen
1092 2063 1116 2106 in
1124 2065 1171 2107 tuit
1179 2063 1249 2110 codd.

202 2145 252 2176 non
262 2131 404 2179 desiderarit
414 2149 519 2188 vertum,
530 2148 574 2179 nec
585 2135 611 2178 in
622 2135 726 2178 Romano
737 2131 831 2178 ridetur
840 2130 869 2176 ab
882 2130 926 2175 alia
943 2129 1086 2191 adscriptus,
1098 2130 1139 2175 red
1151 2147 1163 2175 a
1176 2135 1251 2192 prima
1317 2129 1320 2136 ⁴

203 2203 281 2246 statim
291 2216 362 2246 manu
373 2202 498 2263 profectur.
509 2205 568 2248 Satio
576 2215 642 2249 retur
649 2205 728 2264 itaque
736 2201 787 2260 eju·
797 2202 934 2254 auctoritas,
945 2211 971 2245 ut
978 2201 1038 2244 lorte
1046 2215 1058 2244 e
1067 2200 1183 2246 Prisciuno
1190 2203 1250 2246 Dio-

203 2274 265 2335 nytii
277 2273 410 2336 Periegenn
424 2290 447 2320 v.
461 2273 519 2335 ¹¹49
528 2273 611 2320 iirdem
618 2273 695 2320 verbio
703 2275 873 2333 interpretante
882 2271 994 2316 confictus
1004 2269 1043 2316 ille
1053 2270 1127 2315 videri
1136 2273 1215 2332 poerit.
1228 2288 1250 2318 r.

204 2357 242 2403 ap.
254 2341 333 2386 lleine.
347 2339 422 2388 lacum
433 2341 481 2388 dno
492 2343 621 2389 lleintiani.
639 2343 684 2388 Pro
694 2342 790 2388 Acmon
802 2339 841 2384 elii
857 2341 960 2384 Aornum
972 2351 995 2386 et
1012 2340 1128 2384 Avernum
1144 2353 1167 2386 et
1184 2341 1252 2386 Voss.

204 2412 307 2458 Averna.
319 2437 351 2448 —
364 2412 415 2470 243.
426 2429 513 2478 pnmue
522 2413 608 2460 Medic.
619 2430 633 2460 a
644 2429 681 2475 pr.
694 2429 724 2457 m.
735 2437 767 2448 —
780 2409 833 2468 odd.
843 2413 952 2474 immerqit
963 2411 1000 2458 ed.
1014 2412 1074 2457 Ven.
1086 2435 1118 2448 --
1129 2411 1181 2468 245.
1189 2427 1252 2456 sum-

205 2569 277 2640 Truj.
296 2589 358 2644 pag.
376 2573 436 2642 374.
450 2574 538 2641 Quum
551 2587 639 2628 autem
648 2574 706 2627 hec
755 2592 834 2646 quam
848 2591 906 2645 quae
919 2591 1000 2644 snpra
1016 2591 1041 2624 v.
1057 2573 1089 2639 42
1106 2587 1254 2628 memorate

206 2669 282 2702 armo
297 2663 324 2703 et
339 2652 515 2706 instrumente
536 2667 610 2706 terroe
627 2653 707 2706 infixa
755 2667 803 2705 est.
815 2673 839 2706 v.
853 2654 959 2704 Excute.
973 2652 1017 2703 111.
1031 2650 1161 2718 volenter,
1174 2654 1254 2706 volu-

206 2733 276 2783 aeris
288 2744 315 2783 et
326 2733 453 2803 temporis
463 2735 562 2802 injurio
573 2751 634 2785 mox
647 2751 706 2786 cor·
755 2751 821 2784 eres.
834 2732 877 2784 Sic
889 2734 923 2784 lll
934 2732 1030 2802 Georg.
1054 2731 1100 2800 ¹47
1119 2730 1254 2785 Plurimos

206 2823 286 2882 rupta
298 2814 452 2879 interirent,
469 2817 565 2867 mirum
578 2832 633 2866 non
651 2827 706 2878 est,
756 2810 877 2863 volitans.
890 2811 929 2862 De
943 2828 967 2860 v.
983 2812 1032 2878 ²4²
1043 2810 1105 2861 Ver.
1120 2812 1207 2876 Leon,
1220 2811 1256 2864 de

208 2890 320 2942 alterum
330 2893 410 2943 ritum
420 2910 480 2944 mox
491 2911 547 2946 esee
557 2893 706 2965 prrelutum,
756 2892 816 2961 ipea
828 2909 855 2942 re
868 2909 884 2942 u
895 2888 1017 2960 pluribus
1030 2903 1135 2940 ectum:
1149 2909 1174 2940 v.
1195 2891 1258 2942 lau-

207 2981 281 3020 uteu
299 2971 326 3020 in
346 2973 406 3040 ipso
424 2972 546 3041 sepulcro
561 2972 708 3026 conderen·
756 2970 834 3022 dntoe
855 2969 890 3022 ad
911 2969 1018 3020 Vibium
1041 2969 1120 3038 Sequ.
1141 2988 1168 3040 p.
1194 2967 1275 3036 344.Ι

208 3057 268 3110 tur,
280 3047 382 3098 tumulo
401 3061 489 3100 nutem
509 3051 709 3120 imponerentur
757 3049 866 3102 Sacrum
886 3049 980 3102 AEneos
999 3061 1076 3119 parnt
1099 3049 1147 3099 suh
1170 3051 1258 3120 ipsunt

209 3142 226 3174 e
250 3139 312 3174 sexo
334 3139 518 3191 monumento,
536 3129 663 3180 columne
683 3143 709 3182 et
758 3129 890 3199 spelnnoae
902 3129 1057 3200 ingressum.
1071 3128 1115 3177 Vs.
1131 3128 1181 3196 ²39
1191 3145 1258 3180 con·

210 3205 295 3276 signu.
308 3201 410 3271 mitur,
422 3203 536 3274 Cippum
556 3209 709 3277 impositum
758 3209 830 3256 venit
842 3225 903 3258 cum
913 3205 1039 3277 Apollon.
1053 3205 1104 3268 IV,
1117 3205 1164 3258 601
1181 3223 1220 3275 sq.

210 3281 332 3334 videmus
341 3283 396 3351 jem
409 3283 437 3332 in
450 3281 543 3354 Odyse.
556 3303 592 3350 μ,
609 3285 655 3349 ι4,
679 3283 710 3337 15
796 3285 845 3350 143
858 3302 916 3354 sqq.
929 3285 1012 3336 Totus
1023 3283 1067 3335 hio
1077 3283 1199 3335 sacrificii
1208 3284 1259 3336 diis

211 3361 315 3414 tumulo
328 3361 481 3433 Elpenoris,
500 3375 527 3414 et
548 3380 650 3414 tunimo
670 3375 711 3414 tn·
760 3363 851 3414 inferis
862 3365 926 3413 loeti
934 3375 1079 3434 apparatus
1088 3362 1159 3432 opud
1168 3364 1258 3432 plures

211 3441 285 3493 mulo
304 3441 412 3494 infixum
431 3461 551 3495 remum:
571 3459 629 3513 quer
651 3455 711 3494 ante
760 3453 853 3511 poetue
864 3444 991 3507 occurrit,
1005 3442 1100 3493 ductus
1111 3459 1141 3493 ex
1152 3443 1260 3496 Homeri

213 3520 307 3573 oculos
323 3523 398 3575 fuere
414 3523 529 3574 Maroni.
551 3523 590 3573 Ex
600 3522 712 3574 Morene
761 3518 882 3591 pluribus
895 3520 978 3572 locis:
994 3522 1115 3591 inprimis
1128 3521 1222 3594 Odyss.
1236 3545 1260 3591 n,
1325 3527 1326 3535 ’

213 3601 576 3675 sumsitrlliocoquejupttm
589 3621 715 3654 memora·
763 3600 823 3669 5¹7.
845 3615 872 3665 t,
895 3600 937 3651 25.
962 3599 1090 3673 inveryt't,
1114 3601 1260 3674 elegantius

214 3679 268 3734 bite
285 3699 368 3746 nmo,
390 3681 423 3733 de
442 3683 544 3736 Miseno
563 3682 661 3736 Statius
676 3683 713 3735 lll
763 3698 857 3751 quum,
871 3679 999 3743 infundit,
1013 3678 1078 3730 nihil
1091 3682 1212 3750 emplius.
1225 3685 1263 3736 Et

213 3759 277 3814 silv.
291 3760 322 3826 5,
333 3761 377 3830 98.
761 3777 872 3812 summos
890 3775 1009 3829 corpenm
1029 3759 1142 3829 pertinet
1155 3761 1187 3812 ad
1207 3765 1262 3814 llo-

252 3839 304 3893 236
313 3858 372 3911 sqq.
383 3841 461 3892 Nunc
471 3839 505 3892 ad
515 3859 618 3894 socrum
628 3841 714 3892 lilani-
762 3839 909 3890 merirum:
931 3837 992 3888 ’Am'
1014 3837 1039 3904 l,
1056 3838 1077 3890 rr'
1099 3838 1262 3909 ἑπιρχὸμηος

216 3917 267 3972 bue
280 3918 432 3971 faciendum
442 3936 470 3970 se
482 3921 596 3990 accingit
608 3936 638 3971 ex
650 3938 715 3990 prte-
763 3918 863 3982 κοφιιλῖς
884 3915 965 3986 τρίχα
989 3916 1012 3970 r'r
1031 3916 1086 3988 πυρὶ
1101 3920 1183 3979 βάλλε.
1202 3925 1264 3976 lam

218 4011 300 4068 cepto
323 4015 347 4048 v.
376 3997 433 4050 153.
452 3995 591 4068 spelunca,
611 3997 715 4049 Averno
763 3997 1263 4072 intervictimaeconsecrationem,quer

217 4077 358 4132 immittent
370 4075 453 4150 (hinc
466 4085 522 4133 tuta
536 4073 596 4129 lacu
606 4077 616 4144 )
627 4088 653 4130 et
665 4075 717 4132 elie
766 4075 795 4128 lit
807 4078 869 4130 vino
885 4079 914 4131 iu
926 4077 1124 4150 coput'libato,
1146 4093 1171 4132 et
1192 4081 1264 4151 pilo,
1289 4121 1290 4128 ,
