2956 4680
323 403 384 488 ·P.
418 395 713 488 VIRGILII
746 397 1052 490 MARONIS

478 655 923 792 AENEIDOS

391 961 612 1064 steen
649 959 1009 1070 OCTAVUS.

184 1246 1215 1278 WEMMWUMMMMMWNQMRWUMWWMUMWBM

527 1446 874 1510 All-GUMENTUM.

185 1647 293 1747 Bauer
311 1689 434 1767 signum
450 1687 573 1746 Turnus
591 1707 628 1746 ex
643 1689 788 1748 Laurenti
807 1707 876 1748 arce
893 1691 1056 1770 proponit,
1078 1693 1220 1776 Latiique

183 1776 280 1833 totius
293 1772 558 1854 finitimarumque
573 1772 700 1834 urbium
716 1776 775 1834 sibi
789 1775 903 1834 auxilia
918 1775 1069 1857 adjungit.
1083 1779 1220 1840 Venulus

183 1883 308 1943 quoque
320 1863 415 1942 Argos
427 1860 466 1920 ad
481 1861 665 1923 Diomedem
678 1865 825 1939 mittitur,
841 1878 876 1924 ut
889 1884 965 1923 *eum
985 1864 1115 1946 periculi
1134 1867 1219 1926 simi-

183 1946 315 2008 litudine
327 1947 366 2007 ad
380 1947 454 2007 belli
467 1951 645 2010 societatem
657 1949 798 2032 impellat
807 1985 845 1998 -
860 1973 903 2033 ¹7·
917 1947 1039 2026 Quibus
1051 1950 1143 2012 rebus
1154 1974 1221 2034 per·

184 2049 288 2094 motus
299 2036 419 2108 AEneas,
431 2037 653 2116 copiarumque
664 2057 791 2096 suarum
799 2037 948 2118 paucitati
959 2035 1118 2114 diffidens,
1129 2039 1220 2100 Tibe-

184 2124 245 2182 rini
256 2125 393 2199 monitu,
404 2122 531 2182 adverso
544 2122 672 2182 flumine
684 2127 715 2182 in
727 2147 761 2183 ea
772 2124 838 2184 loca
850 2122 1047 2200 subvehitur,
1060 2128 1092 2184 in
1103 2113 1218 2208 quibus

183 2223 291 2292 postea
304 2213 402 2270 Roma
412 2208 538 2270 condita
553 2209 628 2283 tuin
644 2211 842 2292 Evandrique
854 2212 951 2290 regis,
960 2213 1029 2291 qui,
1041 2231 1077 2270 cx
1088 2214 1220 2274 Arcadia

184 2297 348 2382 profugus,
368 2301 400 2358 in
420 2297 561 2357 Palatino
581 2312 687 2357 monte
707 2298 860 2380 oppidum
879 2300 1006 2358 nomine
1024 2298 1219 2363 Pallanteum

185 2384 377 2462 condiderat,
393 2384 543 2445 auxilium
558 2385 758 2468 implorat-
777 2407 840 2445 ιοο.
853 2385 996 2446 Evander
1008 2388 1150 2466 AEneam,
1165 2391 1220 2451 ad-

184 2489 293 2534 ventus
308 2475 374 2555 ejus
389 2493 495 2534 caussa
511 2475 651 2552 cognita,
664 2471 798 2554 benigne
811 2471 948 2556 hospitio
964 2474 1093 2555 excipit3
1108 2478 1219 2538 sacris-

184 2583 246 2644 que
259 2561 415 2637 Heroulis,
428 2559 541 2642 quibus
554 2572 620 2620 tum
633 2563 770 2622 intentus
784 2575 862 2638 erat,
875 2559 1065 2638 adhibitum,
1078 2585 1220 2628 caussam

183 2651 283 2710 aCaci
293 2671 366 2712 nece
376 2649 555 2731 repetitam,
571 2649 722 2732 185-267
736 2651 873 2730 ritusque
885 2649 1030 2710 sacrificii
1042 2650 1163 2729 edocet,
1174 2655 1220 2716 lo-

183 2758 280 2820 caque
290 2735 353 2818 ejus
365 2751 479 2798 tractus
492 2739 646 2800 nobiliora
658 2737 760 2800 obiter
769 2736 883 2821 hospiti
894 2753 1030 2800 recenset
1040 2739 1140 2800 310-
1149 2744 1218 2824 369.

181 2827 336 2889 Postridie
343 2829 460 2902 tEneas,
469 2832 609 2908 equitum
618 2827 918 2910 quadringentorum
929 2825 1069 2888 subsidio
1077 2829 1218 2910 adjutus,

182 2913 297 2996 quibus
314 2931 444 2996 preerat
457 2917 573 2994 Pallas,
586 2920 694 2978 unicus
711 2916 848 2976 Evandri
862 2915 961 2990 filius,
977 2929 1093 2998 partem
1114 2923 1219 3000 copia-

182 3021 252 3060 rum
271 3000 405 3061 mundo
428 3002 557 3064 flumine
578 3005 616 3064 sd
638 3025 711 3064 suos
731 3005 884 3064 remittit:
908 3006 975 3084 ipse
995 3023 1065 3063 cum
1089 3006 1217 3089 reliquis

182 3087 339 3169 Agyllam,
361 3087 612 3150 florentissimam
626 3089 859 3172 Tyrrhenomm
873 3093 1043 3165 civitatem,
1059 3095 1152 3173 petit,
1168 3099 1217 3155 cui

183 3197 252 3234 cum
273 3176 440 3252 Mezentio,
465 3199 559 3259 quem
581 3178 621 3238 ob
642 3177 868 3237 intolerandam
889 3177 1102 3238 crudelitatem
1122 3203 1218 3263 regno

182 3263 357 3346 expulerat,
368 3267 560 3328 internecino
571 3266 642 3326 odia
655 3264 955 3343 intercedebantq5d
965 3301 1002 3312 —-
1013 3267 1078 3348 519.
1089 3269 1219 3332 lnterim

182 3352 353 3427 Vulcanus,
366 3355 471 3414 uxoris
482 3352 644 3416 blanditiis
658 3354 823 3430 adductus,
837 3357 982 3438 privigno
997 3375 1054 3415 suo
1069 3376 1153 3418 arma
1168 3359 1216 3420 fa-

181 3441 321 3504 bricatur
335 3439 521 3522 370-453,
532 3442 700 3525 eademque
714 3465 730 3502 a
746 3445 862 3504 Venere
877 3442 916 3504 ad
932 3444 1057 3504 AEneam
1074 3443 1218 3507 deferuu-

182 3542 246 3602 tur3
257 3532 312 3612 qui
322 3551 480 3592 armorum
491 3530 913 3613 pulchritudinedeloctatus,
924 3551 994 3592 cum
1002 3545 1102 3592 cetera
1111 3537 1218 3594 omnia

183 3633 250 3678 tum
266 3617 400 3700 clipeum
419 3621 576 3700 inprimis,
592 3622 708 3700 quires
726 3641 743 3679 a
759 3622 941 3703 posteritate
955 3641 1009 3680 sua
1026 3635 1148 3680 strenue
1165 3641 1216 3702 qe-

182 3703 291 3766 rendas
304 3703 439 3767 babebat
453 3707 608 3789 depictas,
622 3707 760 3768 studiose
772 3707 945 3768 admiratur
955 3707 1014 3766 520
1026 3707 1065 3766 ad
1077 3707 1130 3768 fin.

214 3865 300 3918 Etiam
320 3865 364 3919 hic
381 3865 449 3920 liber
466 3867 538 3920 bello
554 3868 673 3940 parando
723 3868 872 3926 drumafflt.
886 3869 1004 3938 Quat-es
1017 3869 1137 3940 episodio
1145 3871 1216 3924 viam

182 3948 362 4014 consumitur,
381 3949 551 4018 inprimisque
571 3949 673 4000 auxiliis
722 3951 806 4002 munit
817 3947 1025 4001 elaboratissimo
1035 3947 1216 4015 debraudro,

182 4025 360 4092 massada,
375 4026 437 4080 dum
454 4029 558 4082 Turnus
575 4047 623 4100 per
636 4029 673 4082 le·
723 4045 777 4100 quo
787 4027 891 4080 fabriles
900 4041 1001 4080 veteres
1012 4027 1092 4080 tuti·
1103 4041 1128 4082 et
1138 4031 1218 4103 origi·

180 4116 255 4176 patos
276 4105 450 4173 Diomedem,
471 4109 566 4162 AEoees
588 4107 673 4161 livan-
720 4125 768 4160 nee
782 4107 1041 4162 colonias'dreadien
1053 4109 1087 4172 in¹
1098 4109 1217 4164 Palatino
