3028 4682
337 391 385 480 P.
420 385 717 480 VIRGILII
749 385 1057 478 MARONIS

477 644 927 782 AENEIDOS

368 955 591 1061 Lmen
627 949 1030 1062 SEPTIMUS.

179 1247 1219 1280 mmumwwmuwwnmwmemmmmmmmmm

524 1448 874 1512 ARGUMENTUM.

179 1657 353 1779 Clinia,
372 1689 528 1764 nutricem
545 1721 649 1775 suam,
665 1701 776 1762 AEneas
792 1697 916 1784 sepelit,
932 1698 1103 1784 locumque
1120 1707 1221 1788 ipsum

178 1788 219 1850 ab
227 1790 293 1872 ejus
304 1793 432 1852 nomine
441 1792 581 1852 Caietam
594 1787 778 1872 appellat-
786 1789 813 1850 5.
825 1787 902 1848 lnde
912 1789 1015 1848 Circes
1027 1788 1131 1851 sedem
1143 1815 1221 1874 pres-

177 1879 393 1941 terrebitur-
404 1880 457 1956 al,
471 1879 673 1962 secundoque
684 1891 779 1940 vento
792 1877 831 1938 ad
842 1875 963 1938 Tiberis
973 1879 1052 1938 ostia
1065 1879 1219 1946 defertur:

179 1968 371 2050 adversoque
388 1969 517 2029 flumine
532 1969 710 2043 subvectus,
727 1969 759 2028 in
774 1970 961 2028 Laurentem
976 1989 1085 2048 agrum
1100 1971 1220 2052 egredi-

177 2067 230 2117 tur
241 2089 279 2101 -
292 2055 340 2115 36.
359 2057 556 2137 Digressione
574 2053 613 2114 de
625 2057 728 2136 prisco
743 2055 825 2113 Latii
844 2067 944 2128 statu,
956 2070 987 2115 et
998 2055 1038 2114 de
1051 2058 1220 2138 prodigiis,

179 2143 293 2228 quibus
299 2144 508 2223 Troianorum
519 2142 670 2202 adventus
682 2140 1004 2216 denuntiatusfuerat,
1016 2142 1144 2204 facta-
1156 2151 1221 2226 106,

177 2236 281 2318 pergit
296 2255 421 2294 narrare
438 2247 532 2316 poeta
548 2232 634 2294 aliud
649 2245 806 2294 ostentum
821 2253 1014 2292 comesurum
1030 2255 1222 2315 mensarum

177 2345 276 2404 quum
288 2325 397 2384 AEneas
410 2343 446 2384 ex
460 2323 583 2383 Ascanii
596 2319 700 2381 verbis
712 2321 921 2402 cognovisset,
939 2341 1006 2380 eam
1023 2343 1087 2383 esse
1105 2339 1220 2388 terram

177 2409 252 2471 fatis
265 2410 324 2472 sibi
338 2409 492 2488 debitam3
512 2409 552 2471 ad
568 2411 714 2471 Latinum
733 2430 854 2491 regem,
875 2411 929 2492 qui
942 2409 1007 2491 ejus
1025 2425 1140 2474 tractus
1153 2437 1219 2498 reg-

90 2503 91 2508 ’
178 2521 256 2560 num
275 2497 452 2574 obtinebat,
469 2514 595 2561 centum
613 2513 751 2560 oratores
769 2499 881 2574 mittit,
901 2499 955 2581 qui
973 2511 1002 2560 et
1018 2521 1075 2560 suo
1092 2507 1220 2568 nomine

179 2587 226 2648 illi
237 2609 367 2650 munera
378 2589 545 2664 offerrent,
558 2602 589 2649 et
602 2585 692 2648 urbis
704 2586 878 2650 condendo
889 2585 991 2648 locum
1005 2605 1154 2671 peterent.
1171 2595 1221 2654 ln·

177 2687 260 2736 teres
270 2690 368 2737 castra
378 2691 558 2737 metatur-
569 2675 633 2756 ¹59·
643 2677 782 2752 Latinus,
793 2675 948 2756 legatione
957 2674 1093 2758 benigne
1102 2683 1221 2761 audita,

176 2779 292 2846 praeter
305 2765 479 2846 postulata,
500 2765 663 2824 laviniam
680 2763 778 2824 filiam
798 2785 901 2841 suam,
923 2787 1033 2846 quam,
1055 2789 1090 2828 ex
1105 2771 1222 2849 Fauni,

177 2855 276 2936 patris
288 2855 352 2922 sui,
364 2854 498 2916 oraculis
511 2868 540 2914 et
550 2875 585 2914 ex
596 2875 750 2936 augurum
761 2856 935 2936 responsis,
947 2869 1073 2916 externo
1084 2861 1151 2920 viro
1163 2877 1222 2922 tra·

177 2941 250 3001 dere
262 2940 445 3022 jubebatur,
461 2942 544 3003 ultro
562 2943 664 3002 AEneae
676 2941 842 3024 conjugem
855 2941 996 3002 oflert-
1009 2944 1077 3004 285.
1092 2947 1222 3010 Interim

178 3032 277 3106 luno,
287 3033 441 3113 prosperis
452 3031 666 3110 'l'rojanorum
675 3033 767 3093 rebus
780 3032 918 3106 offensa,
931 3031 1040 3093 Alecto
1055 3035 1092 3094 ad
1108 3036 1221 3100 distur-

177 3115 315 3178 liandnm
330 3139 438 3200 pacem
453 3115 492 3176 al)
509 3116 616 3177 inferis
629 3132 738 3180 evocat
751 3155 790 3166 --
804 3119 879 3194 340:
896 3141 966 3202 quae
979 3124 1118 3202 primum
1134 3129 1222 3188 Ama·

179 3219 258 3279 tam,
281 3206 383 3264 Latini
408 3225 535 3264 uxorem
557 3239 595 3249 -
614 3203 687 3280 405,
705 3204 819 3266 deinde
840 3209 945 3288 ipsum
966 3209 1059 3268 ctiam
1081 3213 1222 3278 Turnum

175 3291 268 3354 iuriis
284 3295 348 3354 suis
363 3292 474 3375 implet
489 3326 524 3340 -
537 3289 617 3368 434:
639 3307 732 3376 atque
749 3293 822 3354 inde
838 3292 878 3354 ad
893 3293 1099 3377 Trojanornm
1112 3299 1223 3382 juven·

178 3399 279 3444 tutem
299 3405 465 3458 conversa,
488 3403 559 3465 quae
587 3397 651 3443 tum
674 3383 755 3444 forte
777 3385 939 3444 venationi
960 3408 1088 3467 operam
1112 3389 1222 3472 sitibat,

178 3485 376 3532 mansuetum
390 3469 452 3532 illis
463 3491 590 3532 cervum
605 3469 731 3551 objicit,
745 3469 873 3554 Tyrrhi,
886 3477 1065 3534 armentarii
1078 3481 1168 3557 regii,
1184 3480 1221 3540 li-

177 3558 259 3620 beris
271 3562 414 3642 inprimis
426 3581 549 3634 earum,
565 3581 658 3643 quem
674 3582 771 3642 quum
785 3562 936 3620 Ascanius
947 3564 1056 3642 sagitte
1068 3565 1222 3631 vulneras·

177 3665 238 3725 set,
260 3651 383 3724 rustici,
406 3653 533 3733 arreptis
546 3652 655 3724 armis,
676 3652 708 3710 in
721 3648 872 3731 'frojanos
884 3651 1037 3730 impetum
1051 3651 1169 3718 faciunt
1183 3693 1222 3708 -

178 3739 246 3799 510.
267 3737 372 3799 Alecto
388 3759 423 3797 ex
438 3741 597 3821 superiore
614 3739 683 3799 loco
703 3738 870 3798 classicum
887 3741 990 3798 canit:
1004 3741 1122 3804 cadunt
1136 3747 1169 3808 in
1184 3771 1221 3812 eo

179 3829 316 3889 tumultu
327 3828 455 3904 tilmon,
464 3827 576 3911 Tyrrhi
590 3827 672 3889 filius
684 3843 759 3888 natu
770 3830 935 3903 maximus,
949 3843 979 3889 et
988 3831 1129 3911 Galesus,
1142 3843 1221 3920 agri.

177 3915 246 3978 cola
256 3919 390 3998 regionis
402 3919 497 3978 totius
508 3917 787 3999 locupletissimus:
805 3921 858 4000 qui
870 3939 966 4000 quum
979 3925 1009 3977 in
1019 3921 1128 3984 urbem
1141 3949 1221 3990 mor.

178 4007 225 4066 tui
238 4020 336 4066 essent
348 4005 451 4079 relati,
467 4007 589 4066 Turnus
606 4020 636 4066 et
651 4011 760 4068 Amata
775 4028 879 4088 regem
891 4009 1036 4068 Latinum
1049 4009 1088 4070 ad
1102 4013 1220 4082 bellum

176 4095 420 4179 suscipiendum,
429 4095 641 4178 injuriamque
649 4093 1222 4166 manuvindicandamexstimulant-
