3028 4682
469 337 704 405 AENElDOS
728 339 882 404 LIBER
903 341 991 405 Vll.
1188 339 1249 410 263

211 463 307 532 Sacra
318 485 460 542 comam,
473 462 663 552 multosque
675 478 766 527 metu
778 479 904 527 servata
915 487 977 552 per
986 486 1108 530 annos.
1221 481 1252 527 ιο

210 570 317 652 Quam
329 586 421 657 pater
432 570 613 647 inventam,
626 569 749 656 primas
762 591 867 657 quum
879 569 1040 635 conderet
1050 593 1154 649 arces,

211 675 286 762 lpse
298 673 464 738 ferebatur
476 673 602 738 Phoebo
613 695 755 738 sacrasse
770 674 919 752 Latinus,

210 779 449 868 Laurentisque
461 777 503 843 ab
515 801 554 843 ea
566 801 687 842 nomen
701 780 851 867 posuisse
863 779 1000 845 colonis.

211 883 318 972 Hujus
331 905 408 972 apes
420 905 586 948 summum
600 883 710 948 densae
725 883 891 962 (mirabile
904 883 1013 970 dictu)

209 985 355 1053 Stridore
367 991 509 1078 ingenti,
522 989 687 1079 liquidum
700 1007 789 1056 trans
801 990 924 1055 aethera
935 1005 1051 1069 vecta,
1222 1005 1250 1052 65

209 1091 378 1159 Obsedere
389 1097 531 1183 apicern3
545 1111 591 1174 et,
604 1095 746 1184 pedibus
758 1119 818 1184 per
832 1097 945 1161 mutua
958 1097 1063 1175 nexio,

208 1199 353 1264 Examen
365 1199 511 1265 subitum
523 1223 615 1266 ramo
627 1199 804 1267 frondente
817 1201 987 1290 pependit.

208 1307 375 1372 Continuo
387 1324 490 1388 vates,
508 1311 712 1374 «Externum
725 1310 905 1390 cernimus,
919 1311 1041 1400 inquit,

207 1410 393 1477 Adventare
405 1415 527 1493 virum,
541 1431 574 1480 et
585 1415 686 1502 partis
698 1432 811 1504 petere
822 1438 942 1504 agmen
954 1412 1088 1480 easdem

208 1517 357 1582 Partibus
370 1541 409 1582 ex
421 1519 541 1599 isdem,
556 1536 589 1584 et
600 1543 729 1585 summa
740 1519 942 1586 dominarier
952 1543 1036 1586 arce.
1050 1547 1063 1578 a
1222 1549 1251 1594 7⁰

207 1625 381 1703 Praeterea‚
396 1626 492 1689 caetis
504 1625 616 1691 adolet
627 1624 708 1690 dum
719 1625 832 1692 altaria
845 1625 952 1705 taedis,

205 1801 230 1846 r'n
239 1800 310 1848 medab
316 1819 339 1866 p.
349 1801 446 1849 Oudart.
457 1800 504 1849 ulto
513 1819 549 1865 pr.
561 1803 646 1852 Moret.
657 1829 688 1841 —
697 1804 735 1852 60.
747 1805 770 1851 S.
784 1819 847 1852 coma
856 1802 947 1867 aliquot
956 1803 1036 1849 lleius.
1048 1815 1101 1848 tum
1110 1801 1198 1857 Nonio,
1209 1801 1251 1848 aed

203 1884 296 1936 prestat
307 1890 380 1935 graeca
392 1877 459 1920 ratio.
471 1899 504 1910 -
515 1873 553 1920 63.
567 1876 732 1940 Laurmterque
744 1876 805 1922 Gud.
817 1891 830 1921 a
842 1891 872 1920 m.
886 1890 932 1920 sec.
948 1889 1001 1918 eum
1013 1871 1076 1928 aliis,
1087 1872 1129 1918 aed
1137 1883 1251 1926 recentt.;

206 1955 230 1988 et
241 1945 273 1988 sic
283 1945 409 1991 Arusianus
418 1945 524 1990 Messius.
536 1945 617 2009 Neque
627 1963 683 1994 vero
692 1946 760 1993 aliter
769 1962 839 2010 quam
851 1958 935 2010 quarto
947 1959 1001 1990 casu
1013 1943 1175 2006 accipiendum
1187 1945 1250 1990 lau·

204 2017 281 2058 renus.
290 2041 321 2050 -
328 2014 366 2071 64.
378 2017 423 2061 Pro
432 2031 544 2061 summum
553 2017 640 2064 Medic.
649 2032 705 2082 apr.
714 2033 745 2063 m.
758 2017 878 2073 talamum,
888 2029 911 2062 et
920 2015 1014 2061 vrarirl.
1026 2013 1086 2060 lutari
1093 2015 1166 2059 deme.
1176 2015 1251 2061 dense

205 2096 318 2129 summum
332 2085 437 2138 Parrbas.
456 2085 522 2131 deuse
537 2087 603 2132 Witt.
621 2103 651 2132 m.
668 2091 718 2134 uisu
733 2089 807 2150 bigot.
823 2112 854 2122 -
864 2087 903 2132 65.
916 2099 984 2147 super
995 2098 1022 2128 ω.
1041 2081 1130 2130 zulich.
1143 2100 1156 2129 a
1168 2099 1199 2128 m.
1212 2099 1248 2146 pr.

205 2161 269 2200 vam
281 2169 371 2220 ωῳιοηι
382 2166 483 2218 quatuor
494 2157 571 2200 Bur-m.
585 2171 638 2202 cum
650 2157 719 2203 Goth.
731 2172 767 2220 pr.
776 2157 851 2202 -66.
864 2155 986 2202 comedere
995 2166 1041 2199 teo.
1053 2153 1138 2199 Moret.
1148 2152 1190 2197 sub
1200 2169 1250 2198 mu-

205 2229 246 2266 tua
255 2225 283 2268 l).
297 2225 375 2271 lleim.
390 2224 428 2270 ed.
440 2249 472 2259 —-
483 2223 521 2285 69.
534 2241 557 2288 p.
570 2241 594 2288 p.
607 2229 695 2289 11711ιί111
705 2227 771 2272 Rom.
785 2241 838 2272 eum
850 2224 902 2271 aliia
913 2225 988 2278 Pien,
1001 2223 1078 2268 minus
1089 2222 1158 2268 bene.
1170 2247 1202 2259 -
1212 2238 1249 2283 7ο,

203 2294 287 2340 abdera
296 2295 395 2344 Dorulll.
405 2319 438 2331 -
446 2309 484 2358 71,
495 2298 596 2342 scastrr's
605 2311 641 2359 pr.
655 2297 736 2342 llamb.
749 2313 820 2361 quum
828 2313 851 2342 u.
862 2295 952 2341 Nonius
962 2293 1033 2341 ternis
1042 2291 1107 2340 loris.
1119 2293 1152 2339 De
1161 2290 1251 2339 adolere

205 2447 253 2498 tati
263 2447 382 2498 suntviri
394 2445 480 2509 doeti;
493 2447 528 2498 cf.
543 2447 642 2500 Tibull.
654 2449 704 2514 lll,
753 2449 941 2500 laurentem.
954 2461 998 2514 171
1010 2443 1250 2516 appellaripoetico
1333 2465 1344 2476 ⁸

202 2525 234 2590 3,
259 2525 290 2578 15
306 2537 333 2578 et
353 2537 418 2578 tecto
438 2525 560 2580 interiore
574 2546 633 2598 sup.
652 2529 703 2594 IV,
753 2527 885 2598 epitheto,
909 2543 963 2576 non
985 2526 1092 2576 nomine
1112 2522 1250 2576 historico.

201 2605 263 2675 494.
277 2606 357 2658 Sacra
368 2623 488 2670 comum,
501 2607 642 2658 frondibus
661 2607 702 2658 in·
750 2605 832 2674 Quod
851 2605 957 2657 laurum
979 2602 1080 2656 Phoebo
1096 2615 1249 2666 consecrat,

201 2687 288 2738 tactis
317 2697 400 2738 metm
426 2703 476 2757 pro
506 2686 648 2758 religione,
672 2698 701 2737 ut
750 2685 886 2758 ingeniose
903 2695 984 2754 poeta
1002 2680 1107 2752 adjicit,
1127 2695 1249 2754 respectu

203 2762 295 2816 horror
304 2778 330 2817 et
344 2765 457 2817 similia:
471 2783 496 2816 v.
511 2765 606 2818 Cerda.
619 2795 654 2806 «-
665 2766 696 2818 61
750 2763 785 2816 ad
802 2781 911 2816 suorum
930 2775 1079 2834 temporum
1094 2761 1248 2834 religionem

201 2869 236 2886 -
247 2843 290 2896 63.
303 2844 445 2896 mannus
456 2843 521 2896 dieti
530 2846 699 2918 Aborigines,
748 2843 851 2896 babitu.
863 2873 900 2884 --
912 2843 945 2909 bl
956 2872 990 2882 -
1003 2859 1045 2911 71.
1067 2844 1137 2914 Apes
1156 2855 1233 2894 vectu
1239 2881 1248 2909 ‚

201 2921 699 2993 quihaolooaadorientalem'liberis
749 2923 783 2974 ab
798 2921 923 2976 orientali
941 2933 1032 2992 parte,
1051 2934 1081 2972 ut
1099 2939 1131 2974 ex
1146 2939 1184 2972 va.
1205 2937 1247 2990 70.

200 3003 288 3072 ripam
312 3001 482 3063 incolebant,
506 3019 567 3073 rege
594 3003 698 3054 Latino.
748 3001 921 3074 intelligitur,
943 2999 1108 3052 advolantes.
1132 2999 1248 3052 Examen

200 3080 455 3144 ludelaurentum,
469 3080 659 3150 Latiuilragim
674 3093 701 3132 et
750 3097 844 3150 apum,
863 3079 968 3132 laurum
983 3075 1093 3146 βοτρυδὸν
1115 3077 1249 3142 insidens,

199 3178 263 3232 aqer
280 3158 418 3230 usquead
438 3175 512 3211 mare
534 3177 565 3210 ao
582 3158 700 3210 Tiberim
749 3159 875 3229 preclare
895 3157 999 3210 ornarit
1017 3175 1086 3210 vera,
1099 3158 1134 3208 cf.
1150 3155 1246 3228 Georg.

199 3239 368 3295 Luunnnd
381 3235 657 3300 Lamotinur‚silvia
674 3252 701 3290 et
749 3237 799 3302 lV,
822 3237 888 3300 656,
912 3237 980 3306 657,
1005 3236 1066 3290 658.
1088 3237 1135 3288 Est
1161 3249 1249 3288 autem

199 3316 343 3388 paludibus
367 3318 503 3388 frequens.
530 3316 700 3370 Translatum
748 3313 816 3366 illud
836 3316 906 3368 iuter
924 3313 985 3368 dira
1004 3316 1106 3376 omina;
1127 3312 1188 3365 vide
1206 3313 1249 3366 val

199 3395 333 3448 interdurn
342 3395 582 3449 nomeuadtotum
594 3397 700 3449 Latium
748 3394 881 3462 Plban,
905 3411 950 3463 17,
974 3395 1013 3447 18.
1033 3393 1094 3446 Alia
1113 3393 1175 3446 loca
1193 3393 1246 3446 rid.

200 3491 217 3526 a
239 3488 335 3546 poeta:
360 3489 390 3527 ut
415 3474 496 3528 modo
519 3477 546 3527 iu
570 3476 700 3528 Laumnte
749 3473 972 3546 apud-Cerdam,
996 3473 1199 3544 superstitione,
1221 3485 1250 3524 ut

198 3555 448 3628 nymplmridimus.
459 3555 579 3608 Aliavid.
588 3557 697 3610 Excurs.
748 3554 891 3626 probabile
903 3553 948 3620 fit,
964 3554 998 3607 ab
1013 3555 1134 3606 incursus
1146 3569 1249 3624 magne

198 3633 328 3688 laudlll.
340 3636 534 3707 primarum,
548 3653 631 3707 quum
642 3639 699 3708 pri·
747 3633 927 3687 multitudinis
950 3635 1095 3706 ingruentis
1122 3634 1249 3704 opinione

198 3731 272 3767 mum
283 3715 378 3768 urbem
391 3714 526 3768 conderet.
546 3715 698 3768 Secundum
747 3717 878 3786 profecta.
904 3713 1023 3785 partibus
1048 3733 1080 3766 ex
1102 3715 1211 3780 iisdem,
1234 3729 1249 3765 a

199 3807 307 3863 poetam
319 3794 387 3848 adeo
398 3795 509 3846 Latinus
520 3795 614 3846 urbem
626 3796 697 3848 Lau·
746 3798 817 3848 mari
826 3797 924 3848 infero.

198 3885 286 3926 rentes
299 3873 421 3926 condidit
428 3885 454 3927 et
463 3891 560 3926 nomen
570 3874 697 3944 inposuit
784 3893 813 3948 7¹
823 3905 857 3916 —
865 3877 907 3929 8ο.
917 3873 1069 3948 Prodigium
1077 3873 1130 3928 hoc
1138 3874 1248 3930 flamme

198 3969 216 4004 a
233 3953 327 4006 lauro:
345 3954 424 4006 facile
441 3953 509 4006 adeo
526 3953 698 4025 intelligitur,
746 3955 891 4028 frequens:
908 3973 991 4027 supra
1011 3955 1125 4008 vidimus
1143 3953 1189 4006 lib.
1208 3955 1247 4016 ll,

198 4031 309 4101 Pirum,
330 4035 453 4104 quiante
473 4034 596 4089 Latinum
617 4036 696 4103 vixit,
748 4033 1245 4110 68017.111ιιψιιάοειάιω.οοῧῑιι
1323 4081 1332 4092 .
