2996 4694
454 350 686 416 nuuruos
711 349 862 417 arnan
883 357 922 418 v.
1088 345 1090 352 ’
1161 361 1203 430 es

169 469 348 560 Sideraque
361 493 502 536 emensae
514 471 665 553 ferimur3
679 473 758 538 dtrm
772 499 832 564 per
843 499 931 544 mare
943 501 1098 568 magnum

170 577 296 640 Italiam
309 579 478 666 sequimur
489 579 682 666 fugientem,
698 598 730 644 et
741 582 905 648 volvimur
918 585 1025 650 undis.

170 683 234 747 llic
247 683 356 771 Erycis
369 683 450 748 fines
463 683 609 763 fraterni,
623 702 722 773 atque
734 685 854 774 hospes
867 692 1017 756 Acestes:
1157 707 1204 756 630

168 787 256 868 Quid
269 787 422 874 prohibet
432 812 543 854 muros
551 789 677 880 jacere,
691 808 723 854 et
736 790 813 856 dare
826 793 952 858 civibus
964 795 1100 860 urbem?

169 895 199 958 Ο
212 897 327 982 patria,
342 912 374 960 et
385 897 469 984 rapti
481 896 707 986 nequidquam
720 921 759 961 ex
771 898 864 964 hoste
877 905 1028 979 Penates,

169 999 308 1065 Nullane
316 1001 384 1090 jam
397 1002 505 1091 Trojae
518 1002 671 1067 dicentur
682 1004 820 1066 muenia?
831 1027 993 1093 nusquam

170 1109 349 1177 Hectoreos
362 1109 487 1196 amnis,¹
495 1108 662 1172 Xanthum
675 1125 707 1170 et
718 1109 898 1188 Simoenta,
914 1110 1054 1176 videbo?

169 1213 257 1294 Quin
268 1213 368 1298 agite,
383 1228 416 1274 et
427 1233 558 1276 meeum
571 1211 725 1276 infaustas
739 1214 863 1277 exurite
875 1237 1014 1303 puppes.
1160 1230 1205 1278 635

169 1320 252 1382 Nam
264 1316 346 1380 mihi
360 1313 549 1381 Cassandrae
561 1337 621 1404 per
632 1338 784 1380 somnum
797 1320 877 1382 vatis
890 1320 998 1409 imago
1048 1375 1052 1385 .
1168 1309 1173 1320 ’

168 1491 222 1542 tstm
237 1511 294 1541 saxa
309 1511 390 1556 parurn
407 1494 527 1540 commode
543 1494 712 1556 subjiciuntur,
729 1497 834 1558 inprimis
850 1500 910 1544 iuter
927 1508 998 1544 terras
1012 1511 1035 1546 et
1050 1501 1130 1546 sillero.
1147 1503 1205 1548 Puts

166 1579 244 1614 tamen
260 1579 351 1628 poetam
367 1565 433 1610 litora
448 1579 628 1610 commemorare
644 1565 756 1622 voluisse,
776 1580 798 1612 et
813 1569 908 1630 quidem
920 1570 1068 1617 barbararum
1076 1569 1205 1619 ‘terrarum

166 1637 361 1700 —linSferimns
373 1633 488 1682 nonnulli.
498 1635 544 1681 Sed
559 1635 609 1680 vid.
621 1635 700 1682 Heius.
717 1635 746 1680 ad
759 1637 802 1692 lll,
816 1637 867 1682 268.
882 1637 971 1684 uterus
987 1640 1051 1686 Rom.
1072 1653 1094 1687 et
1112 1641 1204 1703 Mensg.

166 1725 216 1772 pr.,
226 1723 273 1753 uon
285 1707 430 1770 improbante
445 1707 585 1750 Burmauno.
604 1705 650 1750 Sed
666 1705 765 1752 alterum
778 1723 805 1752 ex
821 1709 911 1770 poetica
928 1709 1203 1772 consuetudine-629.

165 1779 273 1828 voluimus
285 1779 397 1833 Dorsill.,
410 1777 489 1822 lrsude
500 1776 600 1822 librariis
612 1776 720 1823 sollenni.
728 1803 759 1813 -
768 1779 821 1825 630.
838 1781 882 1826 Hic
893 1779 929 1843 [ν.
946 1781 974 1825 E.
985 1779 1046 1841 fines
1058 1781 1161 1828 Parthas.
1173 1807 1205 1818 -·

165 1853 219 1898 631.
234 1853 290 1910 Quis
305 1853 388 1913 psssirn
404 1852 428 1894 in
444 1849 515 1895 libris.
534 1849 579 1894 Sed
598 1849 675 1912 quide
688 1848 823 1896 melioribus
834 1851 959 1912 ptulerunt
974 1853 1033 1897 l’ier.
1048 1853 1124 1898 lleim.
1137 1853 1205 1898 Adde

165 1925 302 1970 Romanum.
314 1923 342 1966 At
353 1919 439 1966 Medic.
453 1919 498 1976 Qui
508 1929 531 1966 et
543 1935 621 1974 muro;
633 1931 655 1966 ct
670 1935 682 1965 a
699 1937 730 1966 m.
743 1937 788 1968 ser.
805 1922 860 1979 Quis
881 1935 905 1972 et
922 1937 1006 1968 muros.
1024 1925 1051 1968 ln
1067 1923 1137 1971 Goth.
1150 1936 1203 1970 tert.

165 2009 245 2040 versus
255 1992 401 2054 imperfectus
414 2003 462 2036 erat
472 1988 566 2036 relictus
579 1990 634 2047 Quis
642 1989 742 2052 prnln'bet
751 2007 825 2037 muros
832 1993 880 2036 t-
887 1991 940 2038 632.
947 2001 970 2038 et
980 1993 1044 2038 abest
1055 2010 1068 2039 s
1077 1993 1203 2040 nonnullis.

165 2065 220 2108 Duo
229 2063 308 2106 lleins.
322 2061 342 2106 0
352 2063 426 2122 patrii.
444 2061 544 2121 Apparet
556 2058 615 2104 adeo
631 2059 660 2104 ab
673 2061 739 2105 initio
749 2061 769 2105 0
781 2061 904 2116 excidisse,
916 2077 968 2106 mox
982 2061 1137 2109 diversimode
1149 2078 1204 2125 sup-

166 2133 269 2197 pletum;
282 2143 304 2177 et
313 2147 392 2176 rerum
405 2145 453 2176 esse
464 2145 469 2174 ι
482 2131 597 2192 Opotrio,
606 2145 620 2176 o
629 2133 694 2192 rapti.
707 2131 754 2176 lloc
767 2133 835 2176 etism
844 2133 946 2176 Macrob.
959 2133 990 2175 Vl
998 2135 1035 2176 Sat
1053 2131 1067 2176 6
1077 2131 1163 2178 laudat.
1173 2157 1205 2168 -

166 2203 220 2250 633.
231 2204 341 2249 ducatur
349 2201 407 2247 alter
416 2201 511 2256 namu,
521 2201 584 2262 quod
593 2200 670 2261 placet
679 2201 819 2246 Burmanno.
830 2200 922 2246 Scilicet
931 2204 949 2246 si
960 2217 986 2246 es
997 2204 1125 2246 eommunis
1134 2201 1205 2245 libro·

167 2291 218 2322 raro
229 2273 301 2320 lectio
310 2273 405 2327 luisset,
417 2285 523 2334 unusque
535 2283 615 2316 eontra
625 2271 727 2316 dr'centsrr
736 2270 888 2326 exhibuisset,
898 2271 1034 2333 praetulisset
1050 2269 1090 2315 ille
1106 2271 1206 2316 vicissim

167 2346 220 2392 hoc.
233 2345 335 2390 dr'cenw
346 2353 378 2388 est
395 2343 508 2404 exquisite
520 2339 608 2386 dictum
623 2356 667 2402 pro
686 2343 740 2396 erit,
761 2353 787 2387 ut
807 2341 968 2388 Homericum:
984 2335 1021 2386 es'r
1035 2354 1060 2385 rs
1078 2335 1206 2385 esesiaffes

167 2413 262 2462 ἄκοιτιν.
276 2427 390 2476 nunqnam
408 2413 473 2456 Rom.
485 2435 515 2446 -
524 2409 578 2466 634.
591 2411 622 2454 H.
638 2425 713 2455 mortes
726 2411 790 2456 llom.
804 2421 826 2456 et
840 2411 914 2472 Sprot.
934 2427 946 2455 ιι
965 2423 995 2468 tn.
1013 2423 1058 2454 sec.
1071 2417 1094 2454 et
1112 2407 1176 2454 abest
1192 2423 1205 2452 ι

165 2483 279 2532 ΜοιιιιιΙΙι.
295 2509 326 2520 -
339 2483 391 2529 635.
404 2482 514 2546 msesustns
529 2491 551 2527 et
567 2497 652 2527 mecum
670 2493 722 2528 tert.
742 2480 953 2528 notura-636.
970 2480 1012 2543 per
1023 2495 1124 2526 somnum
1140 2480 1202 2524 Coss.

166 2557 236 2604 Goth.
250 2569 301 2602 tert.
314 2568 337 2602 et
348 2557 452 2600 Lutatius
463 2554 492 2600 sd
501 2557 557 2600 Stat.
568 2555 599 2598 tv
608 2553 682 2602 rheh.
697 2553 746 2602 133.
755 2556 825 2600 noctr's
834 2555 905 2617 imaqo
915 2551 1026 2598 Montalb.

164 2699 279 2771 Septima
298 2708 356 2770 post
377 2697 459 2770 Trojte
471 2697 601 2748 excidium
614 2717 660 2751 tes·
707 2697 822 2768 graviter
853 2715 916 2767 pro,
947 2698 1107 2766 navigamus.
1141 2693 1202 2744 Non

165 2791 210 2832 tus.
222 2779 263 2830 Sie
275 2791 301 2831 et
314 2781 341 2842 1,
356 2778 414 2847 755.
426 2779 461 2829 cf.
472 2777 579 2829 Exeurs.
591 2777 659 2828 llud
708 2777 775 2829 adeo
795 2776 933 2828 dissimilia
953 2775 993 2827 his
1010 2774 1128 2826 versibus
1141 2785 1203 2823 sunt

164 2857 211 2910 lib.
226 2859 268 2908 lll.
282 2888 316 2896 -
327 2857 387 2909 628.
408 2857 518 2908 «Sidera
531 2867 576 2908 aut
590 2869 657 2908 tem·
707 2859 753 2910 inf.
767 2859 818 2922 vt,
835 2856 867 2909 58
880 2875 935 2928 seq.
952 2867 1061 2928 torques
1078 2854 1203 2906 obeuntia

164 2949 280 3008 pestates
297 2937 346 2998 ait,
359 2953 415 3005 quse
428 2947 488 2986 ortu
503 2935 545 2986 vel
562 2951 657 2986 occasu
707 2949 784 2990 terras
798 2938 846 2988 Tot
858 2937 942 2987 maria
956 2936 1067 3000 intrem,
1080 2934 1145 2985 duce
1158 2943 1201 2996 te,

166 3015 282 3068 siderum
294 3028 529 3085 supersuuntur,
540 3029 658 3085 autpro-
703 3018 860 3089 penitusque
868 3027 979 3088 repostas
985 3013 1129 3085 Massylum
1140 3029 1203 3084 qen·
1225 3055 1231 3064 .

165 3097 283 3156 vincias,
297 3111 354 3162 quer
366 3093 494 3144 sideribus
504 3094 657 3162 subjacent,
707 3107 755 3161 tes,
767 3107 945 3168 proetentaque
953 3095 1070 3166 Syrtibus
1080 3111 1141 3142 arva
1154 3093 1205 3154 (ut

165 3185 196 3226 nt
211 3171 266 3223 Ecl.
279 3171 317 3234 x,
328 3170 362 3222 68
372 3169 524 3239 AEthioptsm
535 3189 661 3222 versemus
706 3174 733 3226 h.
753 3175 770 3226 l.
792 3193 856 3226 saxa
867 3177 894 3247 ):
914 3177 975 3226 Jam
998 3172 1101 3224 tandem
1115 3167 1202 3221 Italiae

166 3269 224 3306 eves
236 3249 374 3303 subsidere
388 3249 504 3299 coneris
522 3251 581 3300 llaec
598 3249 658 3300 Ser·
701 3253 832 3324 sapientis
851 3253 1002 3323 prendimus
1020 3248 1200 3303 oras-630.

165 3335 232 3385 vius.
260 3329 415 3399 Exemplum
437 3325 543 3397 quidem
565 3345 659 3397 parum
707 3349 732 3380 v.
746 3347 803 3398 sup.
815 3329 849 3381 ad
859 3349 883 3380 v.
898 3331 940 3396 ²4·
952 3359 986 3368 -
990 3331 1081 3400 jacere
1095 3343 1202 3387 muros,

167 3413 305 3475 idoneum,
316 3407 361 3462 sed
376 3407 409 3459 de
422 3407 577 3477 acceptione
587 3407 659 3457 vocis
707 3409 834 3478 exquisite
855 3427 904 3479 pro
919 3427 1033 3478 ponere,
1048 3407 1158 3464 duceret
1172 3415 1203 3455 ut

165 3491 194 3544 lr.
209 3492 227 3543 l.
240 3492 267 3540 in
278 3490 348 3540 hunc
360 3505 465 3540 sensum
478 3503 532 3536 non
544 3484 639 3536 dubito
652 3507 658 3546 ;
706 3486 786 3556 vulgo
793 3485 972 3556 fundamenta
987 3487 1046 3558 jaci
1066 3483 1200 3536 dicuntur.

166 3583 196 3622 ιιι
208 3582 291 3620 terras
303 3567 411 3619 diversis
423 3565 479 3618 caeli
491 3564 576 3636 plagis
594 3563 659 3614 sub·
707 3595 741 3604 -
751 3563 811 3631 634.
826 3562 962 3615 Hectoreos
974 3579 1076 3626 amnes,
1089 3563 1201 3632 exquisi-

163 3655 248 3721 jectas
260 3647 432 3711 intellexerit,
442 3644 597 3717 postfreta,
610 3655 659 3694 ter·
707 3647 758 3696 tius
771 3663 870 3715 quam,
889 3643 1033 3712 Trojanos‚
1046 3655 1074 3692 ut
1087 3655 1111 3693 et
1124 3641 1197 3694 alias.

168 3747 223 3792 ras,
246 3745 326 3790 saxa,
354 3711 380 3775 li.
405 3745 428 3776 e.
451 3727 530 3776 litora
553 3741 655 3776 saxosa.
706 3724 748 3776 Ad
760 3741 865 3776 sensum
877 3739 968 3774 sersus
979 3721 1072 3772 ct'tib.
1085 3722 1134 3786 111,
1147 3721 1197 3789 349

168 3809 249 3858 Porro
272 3821 379 3858 emensoe
401 3803 533 3874 ferimur,
554 3804 657 3873 plenius
706 3823 764 3875 sqq.
789 3803 905 3870 scilieet,
924 3819 977 3852 non
999 3802 1143 3874 continget,
1168 3813 1197 3854 ut

170 3905 249 3957 quam
265 3903 375 3938 emensa
394 3901 491 3934 sumus.
507 3885 568 3932 lrlox
588 3903 658 3934 mare
706 3903 775 3937 nova
788 3885 870 3954 Troja
890 3883 987 3935 alicubi
1006 3883 1081 3934 nobis
1098 3881 1184 3934 conda

168 3983 294 4038 meyerum
313 3963 398 4034 simpl.
419 3973 535 4026 vastum,
553 3963 658 4014 immen·
706 3967 769 4015 tur?
787 3965 820 4016 cl.
846 3965 952 4016 Excurs.
973 3964 983 4013 l
1004 3961 1083 4014 adh.
1105 3961 1197 4014 lib.-

169 4061 244 4110 sum,
255 4045 290 4095 nil
301 4044 421 4116 amplius.
433 4041 564 4095 volvimur
572 4041 656 4108 undis,
705 4043 765 4098 636.
780 4041 914 4096 Somnium
932 4042 983 4096 hoc
1003 4043 1158 4114 praclarum
1170 4052 1197 4092 et

238 4129 264 4184 3.
1004 4127 1020 4182 ⁵
