<?xml version="1.0" encoding="UTF-8"?>
<!DOCTYPE html PUBLIC "-//W3C//DTD XHTML 1.0 Transitional//EN"
    "http://www.w3.org/TR/xhtml1/DTD/xhtml1-transitional.dtd">
<html xmlns="http://www.w3.org/1999/xhtml" xml:lang="en" lang="en">
 <head>
  <title>
</title>
<meta http-equiv="Content-Type" content="text/html;charset=utf-8" />
  <meta name='ocr-system' content='tesseract 3.04.00' />
  <meta name='ocr-capabilities' content='ocr_page ocr_carea ocr_par ocr_line ocrx_word'/>
</head>
<body>
  <div class='ocr_page' id='page_1' title='image "./pvirgiliusmaroq05barbgoog_0224.png"; bbox 0 0 3028 4682; ppageno 0'>
   <div class='ocr_carea' id='block_1_1' title="bbox 572 639 1004 730">
    <p class='ocr_par' dir='ltr' id='par_1_1' title="bbox 572 639 1004 730">
     <span class='ocr_line' id='line_1_1' title="bbox 572 639 1004 730; baseline -0.002 -2"><span class='ocrx_word' id='word_1_1' title='bbox 572 639 934 730; x_wconf 88' lang='lat' dir='ltr'>EXCURSUS</span> <span class='ocrx_word' id='word_1_2' title='bbox 970 646 1004 730; x_wconf 93' lang='grc' dir='ltr'><strong>Ι.</strong></span> 
     </span>
    </p>
   </div>
   <div class='ocr_carea' id='block_1_2' title="bbox 384 901 1186 995">
    <p class='ocr_par' dir='ltr' id='par_1_2' title="bbox 384 901 1186 995">
     <span class='ocr_line' id='line_1_2' title="bbox 384 901 1186 995; baseline -0.001 -26"><span class='ocrx_word' id='word_1_3' title='bbox 384 904 521 995; x_wconf 81' lang='lat' dir='ltr'><strong>Necyr&#39;oe</strong></span> <span class='ocrx_word' id='word_1_4' title='bbox 533 906 566 968; x_wconf 83' lang='lat' dir='ltr'><strong>in</strong></span> <span class='ocrx_word' id='word_1_5' title='bbox 577 919 746 990; x_wconf 82' lang='lat' dir='ltr'><strong>poctanun</strong></span> <span class='ocrx_word' id='word_1_6' title='bbox 756 901 1186 994; x_wconf 77' lang='lat' dir='ltr'><strong>corrm&#39;nibusfiequeatotce.</strong></span> 
     </span>
    </p>
   </div>
   <div class='ocr_carea' id='block_1_3' title="bbox 272 1135 1332 4202">
    <p class='ocr_par' dir='ltr' id='par_1_3' title="bbox 272 1135 1332 4202">
     <span class='ocr_line' id='line_1_3' title="bbox 276 1135 1314 1239; baseline 0.001 -20"><span class='ocrx_word' id='word_1_7' title='bbox 276 1135 474 1224; x_wconf 78' lang='lat' dir='ltr'><strong>Consesrrunr</strong></span> <span class='ocrx_word' id='word_1_8' title='bbox 487 1169 514 1219; x_wconf 91' lang='lat' dir='ltr'><strong>in</strong></span> <span class='ocrx_word' id='word_1_9' title='bbox 525 1166 591 1234; x_wconf 91' lang='lat' dir='ltr'><strong>boc,</strong></span> <span class='ocrx_word' id='word_1_10' title='bbox 605 1186 672 1239; x_wconf 89' lang='lat' dir='ltr'><strong>qnos</strong></span> <span class='ocrx_word' id='word_1_11' title='bbox 688 1169 819 1234; x_wconf 80' lang='lat' dir='ltr'><strong>vidimus,</strong></span> <span class='ocrx_word' id='word_1_12' title='bbox 831 1186 939 1233; x_wconf 90' lang='lat' dir='ltr'><strong>omnes,</strong></span> <span class='ocrx_word' id='word_1_13' title='bbox 952 1185 1039 1220; x_wconf 86' lang='lat' dir='ltr'><strong>rerum</strong></span> <span class='ocrx_word' id='word_1_14' title='bbox 1052 1157 1213 1239; x_wconf 86' lang='lat' dir='ltr'><strong>argumentis</strong></span> <span class='ocrx_word' id='word_1_15' title='bbox 1233 1187 1314 1220; x_wconf 87' lang='lat' dir='ltr'><strong>orna-</strong></span> 
     </span>
     <span class='ocr_line' id='line_1_4' title="bbox 272 1247 1313 1318; baseline -0.002 -18"><span class='ocrx_word' id='word_1_16' title='bbox 272 1249 422 1318; x_wconf 86' lang='lat' dir='ltr'><strong>mentisque</strong></span> <span class='ocrx_word' id='word_1_17' title='bbox 434 1247 535 1298; x_wconf 90' lang='lat' dir='ltr'><strong>nullum</strong></span> <span class='ocrx_word' id='word_1_18' title='bbox 543 1247 621 1300; x_wconf 86' lang='lat' dir='ltr'><strong>facile</strong></span> <span class='ocrx_word' id='word_1_19' title='bbox 632 1248 713 1300; x_wconf 87' lang='lat' dir='ltr'><strong>alium</strong></span> <span class='ocrx_word' id='word_1_20' title='bbox 721 1248 838 1300; x_wconf 83' lang='lat' dir='ltr'><strong>AEneidis</strong></span> <span class='ocrx_word' id='word_1_21' title='bbox 848 1247 945 1298; x_wconf 87' lang='lat' dir='ltr'><strong>librum</strong></span> <span class='ocrx_word' id='word_1_22' title='bbox 953 1259 1092 1318; x_wconf 79' lang='lat' dir='ltr'><strong>tantopere</strong></span> <span class='ocrx_word' id='word_1_23' title='bbox 1103 1259 1192 1298; x_wconf 87' lang='lat' dir='ltr'><strong>tenere</strong></span> <span class='ocrx_word' id='word_1_24' title='bbox 1201 1247 1313 1318; x_wconf 89' lang='lat' dir='ltr'><strong>legentis</strong></span> 
     </span>
     <span class='ocr_line' id='line_1_5' title="bbox 273 1322 1314 1398; baseline -0.002 -19"><span class='ocrx_word' id='word_1_25' title='bbox 273 1331 406 1392; x_wconf 88' lang='lat' dir='ltr'><strong>animum,</strong></span> <span class='ocrx_word' id='word_1_26' title='bbox 420 1347 500 1398; x_wconf 82' lang='lat' dir='ltr'><strong>quam</strong></span> <span class='ocrx_word' id='word_1_27' title='bbox 516 1325 587 1380; x_wconf 90' lang='lat' dir='ltr'><strong>hunc</strong></span> <span class='ocrx_word' id='word_1_28' title='bbox 600 1342 711 1380; x_wconf 83' lang='lat' dir='ltr'><strong>sextum.</strong></span> <span class='ocrx_word' id='word_1_29' title='bbox 724 1327 832 1395; x_wconf 84' lang='lat' dir='ltr'><strong>Quanto</strong></span> <span class='ocrx_word' id='word_1_30' title='bbox 845 1322 928 1398; x_wconf 80' lang='lat' dir='ltr'><strong>magis</strong></span> <span class='ocrx_word' id='word_1_31' title='bbox 939 1327 983 1379; x_wconf 92' lang='lat' dir='ltr'><strong>ille</strong></span> <span class='ocrx_word' id='word_1_32' title='bbox 1000 1325 1133 1378; x_wconf 73' lang='lat' dir='ltr'>delectare</span> <span class='ocrx_word' id='word_1_33' title='bbox 1148 1328 1253 1391; x_wconf 78' lang='lat' dir='ltr'>debuit,</span> <span class='ocrx_word' id='word_1_34' title='bbox 1267 1339 1314 1378; x_wconf 86' lang='lat' dir='ltr'><strong>aut</strong></span> 
     </span>
     <span class='ocr_line' id='line_1_6' title="bbox 275 1405 1314 1480; baseline 0.001 -24"><span class='ocrx_word' id='word_1_35' title='bbox 275 1407 384 1457; x_wconf 90' lang='lat' dir='ltr'><strong>omnino</strong></span> <span class='ocrx_word' id='word_1_36' title='bbox 397 1419 532 1470; x_wconf 78' lang='lat' dir='ltr'><strong>veterum,</strong></span> <span class='ocrx_word' id='word_1_37' title='bbox 550 1411 597 1478; x_wconf 91' lang='lat' dir='ltr'><strong>qui</strong></span> <span class='ocrx_word' id='word_1_38' title='bbox 611 1427 642 1460; x_wconf 82' lang='lat' dir='ltr'><strong>ex</strong></span> <span class='ocrx_word' id='word_1_39' title='bbox 655 1420 796 1480; x_wconf 85' lang='lat' dir='ltr'><strong>poctarum</strong></span> <span class='ocrx_word' id='word_1_40' title='bbox 815 1407 929 1459; x_wconf 89' lang='lat' dir='ltr'><strong>lectione</strong></span> <span class='ocrx_word' id='word_1_41' title='bbox 949 1419 975 1459; x_wconf 91' lang='lat' dir='ltr'><strong>et</strong></span> <span class='ocrx_word' id='word_1_42' title='bbox 987 1406 1084 1478; x_wconf 88' lang='lat' dir='ltr'><strong>puerili</strong></span> <span class='ocrx_word' id='word_1_43' title='bbox 1095 1408 1259 1458; x_wconf 87' lang='lat' dir='ltr'><strong>institutione</strong></span> <span class='ocrx_word' id='word_1_44' title='bbox 1271 1405 1314 1457; x_wconf 84' lang='lat' dir='ltr'><strong>his</strong></span> 
     </span>
     <span class='ocr_line' id='line_1_7' title="bbox 273 1486 1315 1558; baseline -0.001 -21"><span class='ocrx_word' id='word_1_45' title='bbox 273 1486 371 1558; x_wconf 83' lang='lat' dir='ltr'>mythis</span> <span class='ocrx_word' id='word_1_46' title='bbox 382 1488 501 1538; x_wconf 90' lang='lat' dir='ltr'><strong>innutriti</strong></span> <span class='ocrx_word' id='word_1_47' title='bbox 514 1501 589 1539; x_wconf 87' lang='lat' dir='ltr'><strong>erant</strong></span> <span class='ocrx_word' id='word_1_48' title='bbox 597 1528 605 1554; x_wconf 91' lang='lat'><strong>,</strong></span> <span class='ocrx_word' id='word_1_49' title='bbox 614 1501 659 1540; x_wconf 92' lang='lat' dir='ltr'><strong>aut</strong></span> <span class='ocrx_word' id='word_1_50' title='bbox 667 1491 847 1540; x_wconf 83' lang='lat' dir='ltr'><strong>Romanorum</strong></span> <span class='ocrx_word' id='word_1_51' title='bbox 859 1489 978 1552; x_wconf 87' lang='lat' dir='ltr'><strong>animos,</strong></span> <span class='ocrx_word' id='word_1_52' title='bbox 989 1489 1035 1558; x_wconf 87' lang='lat' dir='ltr'><strong>qui</strong></span> <span class='ocrx_word' id='word_1_53' title='bbox 1043 1487 1227 1540; x_wconf 81' lang='lat' dir='ltr'><strong>extremalibri</strong></span> <span class='ocrx_word' id='word_1_54' title='bbox 1238 1501 1315 1558; x_wconf 88' lang='lat' dir='ltr'><strong>parte</strong></span> 
     </span>
     <span class='ocr_line' id='line_1_8' title="bbox 274 1565 1315 1641; baseline -0.001 -23"><span class='ocrx_word' id='word_1_55' title='bbox 274 1565 384 1618; x_wconf 84' lang='lat' dir='ltr'><strong>annales</strong></span> <span class='ocrx_word' id='word_1_56' title='bbox 397 1567 596 1637; x_wconf 86' lang='lat' dir='ltr'><strong>quodammodo</strong></span> <span class='ocrx_word' id='word_1_57' title='bbox 611 1587 663 1620; x_wconf 74' lang='lat' dir='ltr'><strong>suae</strong></span> <span class='ocrx_word' id='word_1_58' title='bbox 676 1567 761 1641; x_wconf 86' lang='lat' dir='ltr'><strong>gentis</strong></span> <span class='ocrx_word' id='word_1_59' title='bbox 774 1569 913 1635; x_wconf 89' lang='lat' dir='ltr'><strong>conditos,</strong></span> <span class='ocrx_word' id='word_1_60' title='bbox 925 1568 1185 1638; x_wconf 81' lang='lat' dir='ltr'>clarissimorumque</span> <span class='ocrx_word' id='word_1_61' title='bbox 1196 1570 1315 1619; x_wconf 86' lang='lat' dir='ltr'><strong>virorum</strong></span> 
     </span>
     <span class='ocr_line' id='line_1_9' title="bbox 274 1648 1318 1721; baseline 0.004 -25"><span class='ocrx_word' id='word_1_62' title='bbox 274 1664 414 1697; x_wconf 78' lang='lat' dir='ltr'><strong>recensum</strong></span> <span class='ocrx_word' id='word_1_63' title='bbox 422 1649 538 1714; x_wconf 82' lang='lat' dir='ltr'><strong>factum,</strong></span> <span class='ocrx_word' id='word_1_64' title='bbox 550 1653 743 1720; x_wconf 76' lang='lat' dir='ltr'><strong>agnoscerent?</strong></span> <span class='ocrx_word' id='word_1_65' title='bbox 752 1648 834 1718; x_wconf 85' lang='lat' dir='ltr'><strong>iidem</strong></span> <span class='ocrx_word' id='word_1_66' title='bbox 844 1668 925 1721; x_wconf 89' lang='lat' dir='ltr'><strong>porro</strong></span> <span class='ocrx_word' id='word_1_67' title='bbox 935 1650 996 1701; x_wconf 86' lang='lat' dir='ltr'><strong>loce</strong></span> <span class='ocrx_word' id='word_1_68' title='bbox 1006 1651 1076 1702; x_wconf 90' lang='lat' dir='ltr'><strong>circa</strong></span> <span class='ocrx_word' id='word_1_69' title='bbox 1087 1649 1183 1700; x_wconf 81' lang='lat' dir='ltr'><strong>Cumas</strong></span> <span class='ocrx_word' id='word_1_70' title='bbox 1192 1650 1318 1718; x_wconf 82' lang='lat' dir='ltr'><strong>frequen·</strong></span> 
     </span>
     <span class='ocr_line' id='line_1_10' title="bbox 276 1727 1318 1806; baseline 0.004 -31"><span class='ocrx_word' id='word_1_71' title='bbox 276 1727 384 1792; x_wconf 83' lang='lat' dir='ltr'><strong>tabant,</strong></span> <span class='ocrx_word' id='word_1_72' title='bbox 402 1740 428 1779; x_wconf 88' lang='lat' dir='ltr'><strong>et</strong></span> <span class='ocrx_word' id='word_1_73' title='bbox 439 1729 533 1781; x_wconf 84' lang='lat' dir='ltr'><strong>iisdem</strong></span> <span class='ocrx_word' id='word_1_74' title='bbox 550 1729 739 1801; x_wconf 76' lang='lat' dir='ltr'><strong>religionibus,</strong></span> <span class='ocrx_word' id='word_1_75' title='bbox 753 1749 811 1801; x_wconf 74' lang='lat' dir='ltr'><strong>quse</strong></span> <span class='ocrx_word' id='word_1_76' title='bbox 822 1731 870 1782; x_wconf 75' lang='lat' dir='ltr'><strong>bic&#39;</strong></span> <span class='ocrx_word' id='word_1_77' title='bbox 877 1733 1002 1806; x_wconf 80' lang='lat' dir='ltr'><strong>expositae</strong></span> <span class='ocrx_word' id='word_1_78' title='bbox 1014 1743 1089 1797; x_wconf 88' lang='lat' dir='ltr'><strong>sunt,</strong></span> <span class='ocrx_word' id='word_1_79' title='bbox 1103 1731 1217 1782; x_wconf 88' lang='lat' dir='ltr'><strong>imbutos</strong></span> <span class='ocrx_word' id='word_1_80' title='bbox 1232 1729 1318 1780; x_wconf 87' lang='lat' dir='ltr'><strong>habe-</strong></span> 
     </span>
     <span class='ocr_line' id='line_1_11' title="bbox 275 1803 1317 1882; baseline 0.003 -29"><span class='ocrx_word' id='word_1_81' title='bbox 275 1803 342 1855; x_wconf 82' lang='lat' dir='ltr'><strong>bant</strong></span> <span class='ocrx_word' id='word_1_82' title='bbox 352 1806 462 1858; x_wconf 82' lang='lat' dir='ltr'><strong>animos.</strong></span> <span class='ocrx_word' id='word_1_83' title='bbox 476 1808 545 1860; x_wconf 87' lang='lat' dir='ltr'><strong>Sane</strong></span> <span class='ocrx_word' id='word_1_84' title='bbox 555 1808 664 1879; x_wconf 89' lang='lat' dir='ltr'><strong>quidem</strong></span> <span class='ocrx_word' id='word_1_85' title='bbox 677 1827 757 1879; x_wconf 87' lang='lat' dir='ltr'><strong>quum</strong></span> <span class='ocrx_word' id='word_1_86' title='bbox 771 1811 901 1862; x_wconf 83' lang='lat' dir='ltr'><strong>Homerus</strong></span> <span class='ocrx_word' id='word_1_87' title='bbox 919 1811 1136 1882; x_wconf 75' lang='lat' dir='ltr'><strong>Necyomantiam</strong></span> <span class='ocrx_word' id='word_1_88' title='bbox 1150 1824 1224 1860; x_wconf 86' lang='lat' dir='ltr'><strong>suam</strong></span> <span class='ocrx_word' id='word_1_89' title='bbox 1236 1809 1262 1858; x_wconf 94' lang='lat' dir='ltr'><strong>in</strong></span> <span class='ocrx_word' id='word_1_90' title='bbox 1275 1807 1317 1857; x_wconf 78' lang='lat' dir='ltr'><strong>bis</strong></span> 
     </span>
     <span class='ocr_line' id='line_1_12' title="bbox 276 1883 1321 1962; baseline 0.002 -29"><span class='ocrx_word' id='word_1_91' title='bbox 276 1885 342 1954; x_wconf 89' lang='lat' dir='ltr'><strong>ipsis</strong></span> <span class='ocrx_word' id='word_1_92' title='bbox 354 1883 419 1936; x_wconf 87' lang='lat' dir='ltr'><strong>locis</strong></span> <span class='ocrx_word' id='word_1_93' title='bbox 430 1888 511 1940; x_wconf 75' lang='lat' dir='ltr'><strong>ltalirc</strong></span> <span class='ocrx_word' id='word_1_94' title='bbox 524 1903 683 1962; x_wconf 83' lang='lat' dir='ltr'><strong>exponeret,</strong></span> <span class='ocrx_word' id='word_1_95' title='bbox 697 1889 915 1961; x_wconf 87' lang='lat' dir='ltr'><strong>quandoquidem</strong></span> <span class='ocrx_word' id='word_1_96' title='bbox 925 1889 971 1941; x_wconf 88' lang='lat' dir='ltr'><strong>illa</strong></span> <span class='ocrx_word' id='word_1_97' title='bbox 983 1903 1038 1940; x_wconf 92' lang='lat' dir='ltr'><strong>tum</strong></span> <span class='ocrx_word' id='word_1_98' title='bbox 1049 1891 1154 1941; x_wconf 78' lang='lat' dir='ltr'><strong>Grteciae</strong></span> <span class='ocrx_word' id='word_1_99' title='bbox 1165 1889 1234 1939; x_wconf 91' lang='lat' dir='ltr'><strong>inter</strong></span> <span class='ocrx_word' id='word_1_100' title='bbox 1246 1887 1321 1956; x_wconf 84' lang='lat' dir='ltr'><strong>igno-</strong></span> 
     </span>
     <span class='ocr_line' id='line_1_13' title="bbox 276 1964 1320 2041; baseline 0.005 -29"><span class='ocrx_word' id='word_1_101' title='bbox 276 1974 333 2026; x_wconf 83' lang='lat' dir='ltr'><strong>tas,</strong></span> <span class='ocrx_word' id='word_1_102' title='bbox 346 1964 438 2016; x_wconf 86' lang='lat' dir='ltr'><strong>saltem</strong></span> <span class='ocrx_word' id='word_1_103' title='bbox 450 1985 544 2037; x_wconf 87' lang='lat' dir='ltr'><strong>parum</strong></span> <span class='ocrx_word' id='word_1_104' title='bbox 558 1971 695 2041; x_wconf 90' lang='lat' dir='ltr'><strong>cognitas,</strong></span> <span class='ocrx_word' id='word_1_105' title='bbox 710 1983 793 2021; x_wconf 88' lang='lat' dir='ltr'><strong>terras</strong></span> <span class='ocrx_word' id='word_1_106' title='bbox 808 1983 881 2031; x_wconf 87' lang='lat' dir='ltr'><strong>erat,</strong></span> <span class='ocrx_word' id='word_1_107' title='bbox 893 1971 979 2039; x_wconf 89' lang='lat' dir='ltr'><strong>major</strong></span> <span class='ocrx_word' id='word_1_108' title='bbox 990 1972 1083 2041; x_wconf 88' lang='lat' dir='ltr'><strong>utique</strong></span> <span class='ocrx_word' id='word_1_109' title='bbox 1096 1988 1183 2022; x_wconf 88' lang='lat' dir='ltr'><strong>rerum</strong></span> <span class='ocrx_word' id='word_1_110' title='bbox 1195 1979 1320 2019; x_wconf 86' lang='lat' dir='ltr'><strong>narrata-</strong></span> 
     </span>
     <span class='ocr_line' id='line_1_14' title="bbox 278 2042 1319 2119; baseline 0 -25"><span class='ocrx_word' id='word_1_111' title='bbox 278 2061 337 2094; x_wconf 84' lang='lat' dir='ltr'><strong>rum</strong></span> <span class='ocrx_word' id='word_1_112' title='bbox 350 2047 453 2098; x_wconf 85' lang='lat' dir='ltr'><strong>novitas</strong></span> <span class='ocrx_word' id='word_1_113' title='bbox 465 2061 490 2099; x_wconf 94' lang='lat' dir='ltr'><strong>et</strong></span> <span class='ocrx_word' id='word_1_114' title='bbox 506 2050 662 2116; x_wconf 80' lang='lat' dir='ltr'><strong>insolentia,</strong></span> <span class='ocrx_word' id='word_1_115' title='bbox 673 2051 809 2119; x_wconf 82' lang='lat' dir='ltr'><strong>majorque</strong></span> <span class='ocrx_word' id='word_1_116' title='bbox 819 2042 854 2100; x_wconf 81' lang='lat' dir='ltr'><strong>ad</strong></span> <span class='ocrx_word' id='word_1_117' title='bbox 867 2049 1019 2100; x_wconf 75' lang='lat' dir='ltr'><strong>Graecorum</strong></span> <span class='ocrx_word' id='word_1_118' title='bbox 1029 2051 1131 2100; x_wconf 87' lang='lat' dir='ltr'><strong>animos</strong></span> <span class='ocrx_word' id='word_1_119' title='bbox 1144 2047 1319 2100; x_wconf 81' lang='lat' dir='ltr'><strong>admiratione</strong></span> 
     </span>
     <span class='ocr_line' id='line_1_15' title="bbox 276 2123 1320 2198; baseline 0.001 -26"><span class='ocrx_word' id='word_1_120' title='bbox 276 2123 423 2176; x_wconf 87' lang='lat' dir='ltr'><strong>movendos</strong></span> <span class='ocrx_word' id='word_1_121' title='bbox 436 2128 474 2177; x_wconf 85' lang='lat' dir='ltr'><strong>vis</strong></span> <span class='ocrx_word' id='word_1_122' title='bbox 487 2147 544 2181; x_wconf 87' lang='lat' dir='ltr'><strong>esse</strong></span> <span class='ocrx_word' id='word_1_123' title='bbox 557 2129 664 2192; x_wconf 83' lang='lat' dir='ltr'><strong>debuit;</strong></span> <span class='ocrx_word' id='word_1_124' title='bbox 677 2129 760 2180; x_wconf 88' lang='lat' dir='ltr'><strong>habet</strong></span> <span class='ocrx_word' id='word_1_125' title='bbox 774 2131 855 2180; x_wconf 83' lang='lat' dir='ltr'><strong>etiarn</strong></span> <span class='ocrx_word' id='word_1_126' title='bbox 866 2131 994 2198; x_wconf 87' lang='lat' dir='ltr'><strong>majorem</strong></span> <span class='ocrx_word' id='word_1_127' title='bbox 1005 2130 1189 2180; x_wconf 90' lang='lat' dir='ltr'><strong>auctoritatem</strong></span> <span class='ocrx_word' id='word_1_128' title='bbox 1201 2126 1320 2177; x_wconf 88' lang='lat' dir='ltr'><strong>narratio</strong></span> 
     </span>
     <span class='ocr_line' id='line_1_16' title="bbox 277 2201 1321 2278; baseline 0.001 -27"><span class='ocrx_word' id='word_1_129' title='bbox 277 2219 309 2252; x_wconf 82' lang='lat' dir='ltr'><strong>ex</strong></span> <span class='ocrx_word' id='word_1_130' title='bbox 324 2201 423 2275; x_wconf 75' lang='lat' dir='ltr'><strong>Ulyssis</strong></span> <span class='ocrx_word' id='word_1_131' title='bbox 442 2225 558 2276; x_wconf 87' lang='lat' dir='ltr'><strong>persona</strong></span> <span class='ocrx_word' id='word_1_132' title='bbox 575 2210 712 2268; x_wconf 88' lang='lat' dir='ltr'><strong>instituta;</strong></span> <span class='ocrx_word' id='word_1_133' title='bbox 727 2207 853 2278; x_wconf 72' lang='lat' dir='ltr'><strong>Virgilius</strong></span> <span class='ocrx_word' id='word_1_134' title='bbox 866 2221 954 2259; x_wconf 88' lang='lat' dir='ltr'><strong>tamen</strong></span> <span class='ocrx_word' id='word_1_135' title='bbox 966 2226 1020 2258; x_wconf 91' lang='lat' dir='ltr'><strong>non</strong></span> <span class='ocrx_word' id='word_1_136' title='bbox 1033 2207 1170 2256; x_wconf 89' lang='lat' dir='ltr'><strong>minimum</strong></span> <span class='ocrx_word' id='word_1_137' title='bbox 1191 2203 1279 2256; x_wconf 83' lang='lat' dir='ltr'><strong>auxilii</strong></span> <span class='ocrx_word' id='word_1_138' title='bbox 1294 2215 1321 2253; x_wconf 86' lang='lat' dir='ltr'><strong>et</strong></span> 
     </span>
     <span class='ocr_line' id='line_1_17' title="bbox 275 2282 1321 2358; baseline 0.001 -27"><span class='ocrx_word' id='word_1_139' title='bbox 275 2283 393 2352; x_wconf 70' lang='lat' dir='ltr'><strong>praesidii</strong></span> <span class='ocrx_word' id='word_1_140' title='bbox 407 2285 440 2336; x_wconf 88' lang='lat' dir='ltr'><strong>ad</strong></span> <span class='ocrx_word' id='word_1_141' title='bbox 454 2290 612 2341; x_wconf 85' lang='lat' dir='ltr'><strong>suavitatem</strong></span> <span class='ocrx_word' id='word_1_142' title='bbox 622 2302 648 2341; x_wconf 89' lang='lat' dir='ltr'><strong>et</strong></span> <span class='ocrx_word' id='word_1_143' title='bbox 659 2288 874 2352; x_wconf 86' lang='lat' dir='ltr'><strong>delectationem,</strong></span> <span class='ocrx_word' id='word_1_144' title='bbox 885 2285 937 2339; x_wconf 91' lang='lat' dir='ltr'><strong>hac</strong></span> <span class='ocrx_word' id='word_1_145' title='bbox 950 2289 1009 2358; x_wconf 82' lang='lat' dir='ltr'><strong>ipsa</strong></span> <span class='ocrx_word' id='word_1_146' title='bbox 1021 2285 1216 2350; x_wconf 83' lang='lat' dir='ltr'><strong>recordatione,</strong></span> <span class='ocrx_word' id='word_1_147' title='bbox 1227 2282 1321 2354; x_wconf 87' lang='lat' dir='ltr'><strong>ampli-</strong></span> 
     </span>
     <span class='ocr_line' id='line_1_18' title="bbox 277 2361 1321 2437; baseline 0.003 -26"><span class='ocrx_word' id='word_1_148' title='bbox 277 2361 402 2417; x_wconf 89' lang='lat' dir='ltr'><strong>ficatione</strong></span> <span class='ocrx_word' id='word_1_149' title='bbox 413 2379 438 2418; x_wconf 94' lang='lat' dir='ltr'><strong>et</strong></span> <span class='ocrx_word' id='word_1_150' title='bbox 452 2373 624 2422; x_wconf 86' lang='lat' dir='ltr'><strong>exornatione</strong></span> <span class='ocrx_word' id='word_1_151' title='bbox 636 2373 756 2422; x_wconf 83' lang='lat' dir='ltr'><strong>veterum</strong></span> <span class='ocrx_word' id='word_1_152' title='bbox 770 2369 938 2434; x_wconf 85' lang='lat' dir='ltr'><strong>fabularum,</strong></span> <span class='ocrx_word' id='word_1_153' title='bbox 949 2385 980 2420; x_wconf 84' lang='lat' dir='ltr'><strong>ex</strong></span> <span class='ocrx_word' id='word_1_154' title='bbox 991 2369 1107 2419; x_wconf 88' lang='lat' dir='ltr'><strong>Homero</strong></span> <span class='ocrx_word' id='word_1_155' title='bbox 1121 2366 1231 2437; x_wconf 85' lang='lat' dir='ltr'><strong>aliisque</strong></span> <span class='ocrx_word' id='word_1_156' title='bbox 1245 2375 1321 2414; x_wconf 86' lang='lat' dir='ltr'><strong>nota·</strong></span> 
     </span>
     <span class='ocr_line' id='line_1_19' title="bbox 278 2443 1322 2522; baseline 0.001 -29"><span class='ocrx_word' id='word_1_157' title='bbox 278 2459 337 2493; x_wconf 89' lang='lat' dir='ltr'><strong>rum</strong></span> <span class='ocrx_word' id='word_1_158' title='bbox 347 2443 471 2499; x_wconf 81' lang='lat' dir='ltr'><strong>habuisse</strong></span> <span class='ocrx_word' id='word_1_159' title='bbox 481 2449 566 2502; x_wconf 86' lang='lat' dir='ltr'><strong>videri</strong></span> <span class='ocrx_word' id='word_1_160' title='bbox 579 2450 659 2501; x_wconf 92' lang='lat' dir='ltr'><strong>debet</strong></span> <span class='ocrx_word' id='word_1_161' title='bbox 671 2447 782 2520; x_wconf 78' lang='lat' dir='ltr'><strong>(Odyss.</strong></span> <span class='ocrx_word' id='word_1_162' title='bbox 793 2449 830 2522; x_wconf 84' lang='grc' dir='ltr'><strong>λ).</strong></span> <span class='ocrx_word' id='word_1_163' title='bbox 845 2451 905 2500; x_wconf 91' lang='lat' dir='ltr'><strong>Non</strong></span> <span class='ocrx_word' id='word_1_164' title='bbox 919 2451 988 2501; x_wconf 84' lang='lat' dir='ltr'><strong>enirn</strong></span> <span class='ocrx_word' id='word_1_165' title='bbox 1001 2467 1054 2500; x_wconf 92' lang='lat' dir='ltr'><strong>uno</strong></span> <span class='ocrx_word' id='word_1_166' title='bbox 1065 2449 1124 2499; x_wconf 90' lang='lat' dir='ltr'><strong>loco</strong></span> <span class='ocrx_word' id='word_1_167' title='bbox 1137 2465 1184 2499; x_wconf 91' lang='lat' dir='ltr'><strong>seu</strong></span> <span class='ocrx_word' id='word_1_168' title='bbox 1196 2444 1322 2516; x_wconf 87' lang='lat' dir='ltr'><strong>supersti-</strong></span> 
     </span>
     <span class='ocr_line' id='line_1_20' title="bbox 279 2521 1321 2596; baseline 0.003 -28"><span class='ocrx_word' id='word_1_169' title='bbox 279 2523 319 2571; x_wconf 91' lang='lat' dir='ltr'><strong>tio</strong></span> <span class='ocrx_word' id='word_1_170' title='bbox 332 2521 387 2586; x_wconf 89' lang='lat' dir='ltr'><strong>illa,</strong></span> <span class='ocrx_word' id='word_1_171' title='bbox 395 2541 442 2574; x_wconf 89' lang='lat' dir='ltr'><strong>seu</strong></span> <span class='ocrx_word' id='word_1_172' title='bbox 450 2527 523 2577; x_wconf 81' lang='lat' dir='ltr'><strong>fraus</strong></span> <span class='ocrx_word' id='word_1_173' title='bbox 534 2525 669 2580; x_wconf 80' lang='lat' dir='ltr'><strong>ludificata</strong></span> <span class='ocrx_word' id='word_1_174' title='bbox 677 2541 717 2580; x_wconf 89' lang='lat' dir='ltr'><strong>est</strong></span> <span class='ocrx_word' id='word_1_175' title='bbox 726 2525 863 2578; x_wconf 88' lang='lat' dir='ltr'><strong>hominum</strong></span> <span class='ocrx_word' id='word_1_176' title='bbox 873 2528 975 2578; x_wconf 86' lang='lat' dir='ltr'><strong>animos</strong></span> <span class='ocrx_word' id='word_1_177' title='bbox 987 2525 1182 2596; x_wconf 85' lang='lat' dir='ltr'><strong>antiquioribus</strong></span> <span class='ocrx_word' id='word_1_178' title='bbox 1190 2523 1321 2586; x_wconf 74' lang='lat' dir='ltr'><strong>aetatibus,</strong></span> 
     </span>
     <span class='ocr_line' id='line_1_21' title="bbox 278 2599 1321 2678; baseline 0.001 -29"><span class='ocrx_word' id='word_1_179' title='bbox 278 2610 309 2647; x_wconf 87' lang='lat' dir='ltr'><strong>ut</strong></span> <span class='ocrx_word' id='word_1_180' title='bbox 323 2599 441 2652; x_wconf 89' lang='lat' dir='ltr'><strong>Manium</strong></span> <span class='ocrx_word' id='word_1_181' title='bbox 457 2607 640 2657; x_wconf 80' lang='lat' dir='ltr'><strong>evocationem</strong></span> <span class='ocrx_word' id='word_1_182' title='bbox 661 2607 718 2658; x_wconf 87' lang='lat' dir='ltr'><strong>lieri</strong></span> <span class='ocrx_word' id='word_1_183' title='bbox 736 2624 815 2678; x_wconf 87' lang='lat' dir='ltr'><strong>posse</strong></span> <span class='ocrx_word' id='word_1_184' title='bbox 834 2603 989 2667; x_wconf 87' lang='lat' dir='ltr'><strong>crederent;</strong></span> <span class='ocrx_word' id='word_1_185' title='bbox 1004 2604 1076 2677; x_wconf 89' lang='lat' dir='ltr'><strong>quod</strong></span> <span class='ocrx_word' id='word_1_186' title='bbox 1093 2606 1237 2658; x_wconf 89' lang='lat' dir='ltr'><strong>etiamnum</strong></span> <span class='ocrx_word' id='word_1_187' title='bbox 1254 2603 1321 2652; x_wconf 91' lang='lat' dir='ltr'><strong>inter</strong></span> 
     </span>
     <span class='ocr_line' id='line_1_22' title="bbox 277 2677 1322 2756; baseline 0.005 -31"><span class='ocrx_word' id='word_1_188' title='bbox 277 2677 350 2726; x_wconf 85' lang='lat' dir='ltr'><strong>feros</strong></span> <span class='ocrx_word' id='word_1_189' title='bbox 363 2691 389 2728; x_wconf 89' lang='lat' dir='ltr'><strong>et</strong></span> <span class='ocrx_word' id='word_1_190' title='bbox 405 2679 534 2734; x_wconf 88' lang='lat' dir='ltr'><strong>barbaros</strong></span> <span class='ocrx_word' id='word_1_191' title='bbox 544 2684 661 2756; x_wconf 86' lang='lat' dir='ltr'><strong>populos</strong></span> <span class='ocrx_word' id='word_1_192' title='bbox 673 2686 773 2756; x_wconf 87' lang='lat' dir='ltr'><strong>passim</strong></span> <span class='ocrx_word' id='word_1_193' title='bbox 790 2684 944 2736; x_wconf 88' lang='lat' dir='ltr'><strong>hominibus</strong></span> <span class='ocrx_word' id='word_1_194' title='bbox 959 2703 1116 2756; x_wconf 79' lang='lat' dir='ltr'><strong>persuasum</strong></span> <span class='ocrx_word' id='word_1_195' title='bbox 1129 2701 1186 2736; x_wconf 88' lang='lat' dir='ltr'><strong>esse</strong></span> <span class='ocrx_word' id='word_1_196' title='bbox 1198 2694 1322 2746; x_wconf 88' lang='lat' dir='ltr'><strong>narrant,</strong></span> 
     </span>
     <span class='ocr_line' id='line_1_23' title="bbox 280 2757 1321 2826; baseline 0.006 -21"><span class='ocrx_word' id='word_1_197' title='bbox 280 2757 326 2826; x_wconf 89' lang='lat' dir='ltr'><strong>qui</strong></span> <span class='ocrx_word' id='word_1_198' title='bbox 337 2775 382 2808; x_wconf 89' lang='lat' dir='ltr'><strong>eos</strong></span> <span class='ocrx_word' id='word_1_199' title='bbox 393 2759 524 2813; x_wconf 87' lang='lat' dir='ltr'><strong>adierunt.</strong></span> <span class='ocrx_word' id='word_1_200' title='bbox 540 2763 666 2816; x_wconf 80' lang='lat' dir='ltr'><strong>Proclivis</strong></span> <span class='ocrx_word' id='word_1_201' title='bbox 683 2767 754 2816; x_wconf 91' lang='lat' dir='ltr'><strong>enim</strong></span> <span class='ocrx_word' id='word_1_202' title='bbox 766 2781 823 2816; x_wconf 89' lang='lat' dir='ltr'><strong>esse</strong></span> <span class='ocrx_word' id='word_1_203' title='bbox 842 2763 909 2816; x_wconf 91' lang='lat' dir='ltr'><strong>solet</strong></span> <span class='ocrx_word' id='word_1_204' title='bbox 921 2765 1028 2816; x_wconf 89' lang='lat' dir='ltr'><strong>rudium</strong></span> <span class='ocrx_word' id='word_1_205' title='bbox 1045 2764 1184 2816; x_wconf 88' lang='lat' dir='ltr'><strong>hominum</strong></span> <span class='ocrx_word' id='word_1_206' title='bbox 1201 2762 1321 2822; x_wconf 89' lang='lat' dir='ltr'><strong>animus,</strong></span> 
     </span>
     <span class='ocr_line' id='line_1_24' title="bbox 280 2836 1322 2915; baseline 0.002 -27"><span class='ocrx_word' id='word_1_207' title='bbox 280 2845 310 2883; x_wconf 79' lang='lat' dir='ltr'><strong>ut</strong></span> <span class='ocrx_word' id='word_1_208' title='bbox 323 2839 424 2889; x_wconf 90' lang='lat' dir='ltr'><strong>animas</strong></span> <span class='ocrx_word' id='word_1_209' title='bbox 439 2853 625 2910; x_wconf 86' lang='lat' dir='ltr'><strong>postmortem</strong></span> <span class='ocrx_word' id='word_1_210' title='bbox 637 2845 792 2915; x_wconf 85' lang='lat' dir='ltr'><strong>superstites</strong></span> <span class='ocrx_word' id='word_1_211' title='bbox 806 2860 880 2909; x_wconf 89' lang='lat' dir='ltr'><strong>esse,</strong></span> <span class='ocrx_word' id='word_1_212' title='bbox 893 2861 991 2912; x_wconf 81' lang='lat' dir='ltr'><strong>easque</strong></span> <span class='ocrx_word' id='word_1_213' title='bbox 1002 2845 1098 2896; x_wconf 89' lang='lat' dir='ltr'><strong>iterum</strong></span> <span class='ocrx_word' id='word_1_214' title='bbox 1109 2845 1136 2893; x_wconf 91' lang='lat' dir='ltr'><strong>in</strong></span> <span class='ocrx_word' id='word_1_215' title='bbox 1144 2843 1225 2892; x_wconf 77' lang='lat' dir='ltr'><strong>vitam</strong></span> <span class='ocrx_word' id='word_1_216' title='bbox 1235 2836 1322 2890; x_wconf 84' lang='lat' dir='ltr'><strong>redire</strong></span> 
     </span>
     <span class='ocr_line' id='line_1_25' title="bbox 280 2917 1323 2996; baseline -0.005 -22"><span class='ocrx_word' id='word_1_217' title='bbox 280 2917 420 2991; x_wconf 77' lang='lat' dir='ltr'><strong>opinetur,</strong></span> <span class='ocrx_word' id='word_1_218' title='bbox 434 2927 496 2996; x_wconf 84' lang='lat' dir='ltr'><strong>quia</strong></span> <span class='ocrx_word' id='word_1_219' title='bbox 507 2923 640 2975; x_wconf 88' lang='lat' dir='ltr'><strong>interdurn</strong></span> <span class='ocrx_word' id='word_1_220' title='bbox 652 2937 820 2974; x_wconf 85' lang='lat' dir='ltr'><strong>mortuorum</strong></span> <span class='ocrx_word' id='word_1_221' title='bbox 833 2925 934 2994; x_wconf 89' lang='lat' dir='ltr'><strong>species</strong></span> <span class='ocrx_word' id='word_1_222' title='bbox 948 2923 1000 2976; x_wconf 91' lang='lat' dir='ltr'><strong>sibi</strong></span> <span class='ocrx_word' id='word_1_223' title='bbox 1009 2944 1057 2996; x_wconf 90' lang='lat' dir='ltr'><strong>per</strong></span> <span class='ocrx_word' id='word_1_224' title='bbox 1072 2941 1194 2974; x_wconf 89' lang='lat' dir='ltr'><strong>somnum</strong></span> <span class='ocrx_word' id='word_1_225' title='bbox 1205 2921 1323 2989; x_wconf 83' lang='lat' dir='ltr'><strong>objectas</strong></span> 
     </span>
     <span class='ocr_line' id='line_1_26' title="bbox 278 2999 1323 3069; baseline -0.008 -11"><span class='ocrx_word' id='word_1_226' title='bbox 278 3004 391 3060; x_wconf 77' lang='lat' dir='ltr'><strong>viderat.</strong></span> <span class='ocrx_word' id='word_1_227' title='bbox 401 3007 514 3058; x_wconf 84' lang='lat' dir='ltr'><strong>Possunt</strong></span> <span class='ocrx_word' id='word_1_228' title='bbox 522 3005 602 3056; x_wconf 90' lang='lat' dir='ltr'><strong>etiam</strong></span> <span class='ocrx_word' id='word_1_229' title='bbox 610 3018 711 3056; x_wconf 90' lang='lat' dir='ltr'><strong>mentes</strong></span> <span class='ocrx_word' id='word_1_230' title='bbox 719 3006 907 3068; x_wconf 82' lang='lat' dir='ltr'><strong>fanaticorum,</strong></span> <span class='ocrx_word' id='word_1_231' title='bbox 916 3016 962 3055; x_wconf 86' lang='lat' dir='ltr'><strong>aut</strong></span> <span class='ocrx_word' id='word_1_232' title='bbox 971 3005 1075 3069; x_wconf 89' lang='lat' dir='ltr'><strong>morbo,</strong></span> <span class='ocrx_word' id='word_1_233' title='bbox 1084 3017 1129 3056; x_wconf 89' lang='lat' dir='ltr'><strong>aut</strong></span> <span class='ocrx_word' id='word_1_234' title='bbox 1138 3021 1237 3068; x_wconf 88' lang='lat' dir='ltr'><strong>errore,</strong></span> <span class='ocrx_word' id='word_1_235' title='bbox 1245 3002 1282 3052; x_wconf 88' lang='lat' dir='ltr'><strong>ita</strong></span> <span class='ocrx_word' id='word_1_236' title='bbox 1290 2999 1323 3050; x_wconf 89' lang='lat' dir='ltr'><strong>de</strong></span> 
     </span>
     <span class='ocr_line' id='line_1_27' title="bbox 281 3080 1323 3157; baseline -0.007 -20"><span class='ocrx_word' id='word_1_237' title='bbox 281 3100 352 3138; x_wconf 87' lang='lat' dir='ltr'><strong>statu</strong></span> <span class='ocrx_word' id='word_1_238' title='bbox 363 3087 459 3157; x_wconf 88' lang='lat' dir='ltr'><strong>dejici,</strong></span> <span class='ocrx_word' id='word_1_239' title='bbox 469 3100 498 3138; x_wconf 88' lang='lat' dir='ltr'><strong>ut</strong></span> <span class='ocrx_word' id='word_1_240' title='bbox 509 3084 599 3138; x_wconf 80' lang='lat' dir='ltr'><strong>videre</strong></span> <span class='ocrx_word' id='word_1_241' title='bbox 612 3097 638 3138; x_wconf 90' lang='lat' dir='ltr'><strong>et</strong></span> <span class='ocrx_word' id='word_1_242' title='bbox 647 3085 739 3136; x_wconf 88' lang='lat' dir='ltr'><strong>audire</strong></span> <span class='ocrx_word' id='word_1_243' title='bbox 749 3104 795 3150; x_wconf 91' lang='lat' dir='ltr'><strong>ea,</strong></span> <span class='ocrx_word' id='word_1_244' title='bbox 809 3104 865 3155; x_wconf 67' lang='lat' dir='ltr'><strong>quac</strong></span> <span class='ocrx_word' id='word_1_245' title='bbox 876 3103 930 3136; x_wconf 94' lang='lat' dir='ltr'><strong>non</strong></span> <span class='ocrx_word' id='word_1_246' title='bbox 939 3098 1014 3149; x_wconf 89' lang='lat' dir='ltr'><strong>sunt,</strong></span> <span class='ocrx_word' id='word_1_247' title='bbox 1026 3085 1239 3144; x_wconf 66' lang='lat' dir='ltr'><strong>sibi=videantur5</strong></span> <span class='ocrx_word' id='word_1_248' title='bbox 1255 3080 1323 3132; x_wconf 89' lang='lat' dir='ltr'><strong>adeo</strong></span> 
     </span>
     <span class='ocr_line' id='line_1_28' title="bbox 280 3159 1324 3218; baseline -0.008 0"><span class='ocrx_word' id='word_1_249' title='bbox 280 3178 342 3218; x_wconf 83' lang='lat' dir='ltr'><strong>ante</strong></span> <span class='ocrx_word' id='word_1_250' title='bbox 355 3165 521 3217; x_wconf 89' lang='lat' dir='ltr'><strong>subtiliorem</strong></span> <span class='ocrx_word' id='word_1_251' title='bbox 534 3164 687 3216; x_wconf 87' lang='lat' dir='ltr'><strong>doctrinam</strong></span> <span class='ocrx_word' id='word_1_252' title='bbox 699 3164 733 3218; x_wconf 90' lang='lat' dir='ltr'><strong>de</strong></span> <span class='ocrx_word' id='word_1_253' title='bbox 746 3166 895 3217; x_wconf 83' lang='lat' dir='ltr'><strong>animarum</strong></span> <span class='ocrx_word' id='word_1_254' title='bbox 909 3164 1108 3216; x_wconf 83' lang='lat' dir='ltr'><strong>immortalitate</strong></span> <span class='ocrx_word' id='word_1_255' title='bbox 1118 3162 1220 3215; x_wconf 87' lang='lat' dir='ltr'><strong>dudum</strong></span> <span class='ocrx_word' id='word_1_256' title='bbox 1232 3159 1324 3212; x_wconf 86' lang='lat' dir='ltr'><strong>similis</strong></span> 
     </span>
     <span class='ocr_line' id='line_1_29' title="bbox 281 3241 1324 3317; baseline -0.007 -20"><span class='ocrx_word' id='word_1_257' title='bbox 281 3245 374 3316; x_wconf 91' lang='lat' dir='ltr'><strong>aliqua</strong></span> <span class='ocrx_word' id='word_1_258' title='bbox 389 3245 529 3317; x_wconf 85' lang='lat' dir='ltr'><strong>persuasio</strong></span> <span class='ocrx_word' id='word_1_259' title='bbox 541 3244 679 3296; x_wconf 90' lang='lat' dir='ltr'><strong>hominum</strong></span> <span class='ocrx_word' id='word_1_260' title='bbox 699 3244 869 3296; x_wconf 88' lang='lat' dir='ltr'><strong>indoctorum</strong></span> <span class='ocrx_word' id='word_1_261' title='bbox 891 3245 994 3296; x_wconf 81' lang='lat' dir='ltr'><strong>animos</strong></span> <span class='ocrx_word' id='word_1_262' title='bbox 1012 3245 1104 3296; x_wconf 89' lang='lat' dir='ltr'><strong>tenuit.</strong></span> <span class='ocrx_word' id='word_1_263' title='bbox 1126 3241 1215 3293; x_wconf 83' lang='lat' dir='ltr'><strong>Facile</strong></span> <span class='ocrx_word' id='word_1_264' title='bbox 1235 3243 1324 3309; x_wconf 83' lang='lat' dir='ltr'><strong>itaque</strong></span> 
     </span>
     <span class='ocr_line' id='line_1_30' title="bbox 281 3322 1324 3398; baseline -0.006 -22"><span class='ocrx_word' id='word_1_265' title='bbox 281 3326 392 3378; x_wconf 82' lang='lat' dir='ltr'><strong>existere</strong></span> <span class='ocrx_word' id='word_1_266' title='bbox 401 3328 504 3398; x_wconf 90' lang='lat' dir='ltr'><strong>potuit,</strong></span> <span class='ocrx_word' id='word_1_267' title='bbox 518 3326 573 3396; x_wconf 89' lang='lat' dir='ltr'><strong>qui,</strong></span> <span class='ocrx_word' id='word_1_268' title='bbox 587 3326 656 3378; x_wconf 88' lang='lat' dir='ltr'><strong>inter</strong></span> <span class='ocrx_word' id='word_1_269' title='bbox 667 3324 720 3377; x_wconf 93' lang='lat' dir='ltr'><strong>alia</strong></span> <span class='ocrx_word' id='word_1_270' title='bbox 727 3325 922 3378; x_wconf 86' lang='lat' dir='ltr'><strong>divinationum</strong></span> <span class='ocrx_word' id='word_1_271' title='bbox 932 3344 1040 3397; x_wconf 89' lang='lat' dir='ltr'><strong>genera,</strong></span> <span class='ocrx_word' id='word_1_272' title='bbox 1049 3326 1129 3378; x_wconf 89' lang='lat' dir='ltr'><strong>etiam</strong></span> <span class='ocrx_word' id='word_1_273' title='bbox 1135 3322 1189 3373; x_wconf 90' lang='lat' dir='ltr'><strong>hoc</strong></span> <span class='ocrx_word' id='word_1_274' title='bbox 1197 3335 1324 3384; x_wconf 88' lang='lat' dir='ltr'><strong>uteretur,</strong></span> 
     </span>
     <span class='ocr_line' id='line_1_31' title="bbox 280 3401 1325 3477; baseline -0.006 -19"><span class='ocrx_word' id='word_1_275' title='bbox 280 3419 312 3458; x_wconf 88' lang='lat' dir='ltr'><strong>ut</strong></span> <span class='ocrx_word' id='word_1_276' title='bbox 321 3420 441 3458; x_wconf 88' lang='lat' dir='ltr'><strong>mortuos</strong></span> <span class='ocrx_word' id='word_1_277' title='bbox 454 3405 614 3474; x_wconf 85' lang='lat' dir='ltr'><strong>consuleret,</strong></span> <span class='ocrx_word' id='word_1_278' title='bbox 624 3405 692 3460; x_wconf 84' lang='lat' dir='ltr'><strong>stab</strong></span> <span class='ocrx_word' id='word_1_279' title='bbox 702 3406 1107 3477; x_wconf 81' lang='lat' dir='ltr'><strong>iisrcsponsaferreviderotur;</strong></span> <span class='ocrx_word' id='word_1_280' title='bbox 1118 3417 1221 3465; x_wconf 86' lang='lat' dir='ltr'><strong>contra,</strong></span> <span class='ocrx_word' id='word_1_281' title='bbox 1230 3401 1325 3460; x_wconf 88' lang='lat' dir='ltr'><strong>inbac,</strong></span> 
     </span>
     <span class='ocr_line' id='line_1_32' title="bbox 282 3479 1327 3556; baseline -0.008 -19"><span class='ocrx_word' id='word_1_282' title='bbox 282 3487 377 3538; x_wconf 74' lang='lat' dir='ltr'><strong>anime</strong></span> <span class='ocrx_word' id='word_1_283' title='bbox 394 3499 491 3538; x_wconf 76' lang='lat' dir='ltr'><strong>nostra</strong></span> <span class='ocrx_word' id='word_1_284' title='bbox 511 3497 608 3538; x_wconf 88' lang='lat' dir='ltr'><strong>natura</strong></span> <span class='ocrx_word' id='word_1_285' title='bbox 628 3503 686 3556; x_wconf 84' lang='lat' dir='ltr'><strong>quae</strong></span> <span class='ocrx_word' id='word_1_286' title='bbox 700 3486 747 3546; x_wconf 87' lang='lat' dir='ltr'><strong>sit,</strong></span> <span class='ocrx_word' id='word_1_287' title='bbox 766 3485 951 3554; x_wconf 84' lang='lat' dir='ltr'><strong>ignoratione,</strong></span> <span class='ocrx_word' id='word_1_288' title='bbox 967 3481 1075 3534; x_wconf 82' lang='lat' dir='ltr'><strong>difficile</strong></span> <span class='ocrx_word' id='word_1_289' title='bbox 1086 3500 1143 3534; x_wconf 85' lang='lat' dir='ltr'><strong>esse</strong></span> <span class='ocrx_word' id='word_1_290' title='bbox 1155 3479 1265 3544; x_wconf 88' lang='lat' dir='ltr'><strong>debuit,</strong></span> <span class='ocrx_word' id='word_1_291' title='bbox 1276 3481 1327 3530; x_wconf 90' lang='lat' dir='ltr'><strong>ista</strong></span> 
     </span>
     <span class='ocr_line' id='line_1_33' title="bbox 282 3561 1327 3636; baseline -0.007 -19"><span class='ocrx_word' id='word_1_292' title='bbox 282 3567 455 3636; x_wconf 88' lang='lat' dir='ltr'><strong>persuasione</strong></span> <span class='ocrx_word' id='word_1_293' title='bbox 467 3578 493 3618; x_wconf 90' lang='lat' dir='ltr'><strong>et</strong></span> <span class='ocrx_word' id='word_1_294' title='bbox 505 3565 601 3620; x_wconf 79' lang='lat' dir='ltr'><strong>fraude</strong></span> <span class='ocrx_word' id='word_1_295' title='bbox 610 3567 726 3619; x_wconf 85' lang='lat' dir='ltr'><strong>animum</strong></span> <span class='ocrx_word' id='word_1_296' title='bbox 736 3564 860 3617; x_wconf 89' lang='lat' dir='ltr'><strong>liberare.</strong></span> <span class='ocrx_word' id='word_1_297' title='bbox 869 3564 991 3616; x_wconf 91' lang='lat' dir='ltr'><strong>Obtinuit</strong></span> <span class='ocrx_word' id='word_1_298' title='bbox 999 3565 1091 3631; x_wconf 76' lang='lat' dir='ltr'><strong>cajum</strong></span> <span class='ocrx_word' id='word_1_299' title='bbox 1102 3561 1165 3613; x_wconf 91' lang='lat' dir='ltr'><strong>olim</strong></span> <span class='ocrx_word' id='word_1_300' title='bbox 1173 3562 1327 3622; x_wconf 66' lang='lat' dir='ltr'><strong>inorientes,</strong></span> 
     </span>
     <span class='ocr_line' id='line_1_34' title="bbox 284 3642 1327 3712; baseline -0.004 -16"><span class='ocrx_word' id='word_1_301' title='bbox 284 3659 337 3698; x_wconf 89' lang='lat' dir='ltr'><strong>ute</strong></span> <span class='ocrx_word' id='word_1_302' title='bbox 351 3649 430 3699; x_wconf 84' lang='lat' dir='ltr'><strong>sacris</strong></span> <span class='ocrx_word' id='word_1_303' title='bbox 442 3647 549 3700; x_wconf 85' lang='lat' dir='ltr'><strong>vatibus</strong></span> <span class='ocrx_word' id='word_1_304' title='bbox 562 3659 683 3712; x_wconf 87' lang='lat' dir='ltr'><strong>constat,</strong></span> <span class='ocrx_word' id='word_1_305' title='bbox 695 3660 752 3697; x_wconf 90' lang='lat' dir='ltr'><strong>tum</strong></span> <span class='ocrx_word' id='word_1_306' title='bbox 762 3646 789 3695; x_wconf 91' lang='lat' dir='ltr'><strong>in</strong></span> <span class='ocrx_word' id='word_1_307' title='bbox 799 3645 917 3709; x_wconf 79' lang='lat' dir='ltr'><strong>Graecia,</strong></span> <span class='ocrx_word' id='word_1_308' title='bbox 928 3643 1020 3707; x_wconf 86' lang='lat' dir='ltr'><strong>ltalia,</strong></span> <span class='ocrx_word' id='word_1_309' title='bbox 1030 3642 1089 3695; x_wconf 84' lang='lat' dir='ltr'><strong>eliis</strong></span> <span class='ocrx_word' id='word_1_310' title='bbox 1098 3642 1173 3695; x_wconf 83' lang='lat' dir='ltr'><strong>locis.</strong></span> <span class='ocrx_word' id='word_1_311' title='bbox 1182 3642 1249 3692; x_wconf 86' lang='lat' dir='ltr'><strong>Hinc</strong></span> <span class='ocrx_word' id='word_1_312' title='bbox 1258 3659 1327 3710; x_wconf 88' lang='lat' dir='ltr'><strong>poe·</strong></span> 
     </span>
     <span class='ocr_line' id='line_1_35' title="bbox 286 3717 1332 3800; baseline -0.009 -22"><span class='ocrx_word' id='word_1_313' title='bbox 286 3741 374 3780; x_wconf 84' lang='lat' dir='ltr'><strong>tarum</strong></span> <span class='ocrx_word' id='word_1_314' title='bbox 391 3731 497 3800; x_wconf 78' lang='lat' dir='ltr'><strong>ingenie</strong></span> <span class='ocrx_word' id='word_1_315' title='bbox 517 3730 655 3781; x_wconf 87' lang='lat' dir='ltr'><strong>materiam</strong></span> <span class='ocrx_word' id='word_1_316' title='bbox 672 3738 699 3778; x_wconf 87' lang='lat' dir='ltr'><strong>et</strong></span> <span class='ocrx_word' id='word_1_317' title='bbox 717 3738 840 3776; x_wconf 88' lang='lat' dir='ltr'><strong>omatum</strong></span> <span class='ocrx_word' id='word_1_318' title='bbox 857 3725 1003 3776; x_wconf 85' lang='lat' dir='ltr'><strong>carminum</strong></span> <span class='ocrx_word' id='word_1_319' title='bbox 1024 3722 1086 3776; x_wconf 88' lang='lat' dir='ltr'><strong>inde</strong></span> <span class='ocrx_word' id='word_1_320' title='bbox 1099 3725 1247 3796; x_wconf 76' lang='lat' dir='ltr'><strong>petierunt.</strong></span> <span class='ocrx_word' id='word_1_321' title='bbox 1270 3717 1332 3770; x_wconf 64' lang='lat' dir='ltr'><strong>Nec*</strong></span> 
     </span>
     <span class='ocr_line' id='line_1_36' title="bbox 286 3800 1329 3880; baseline -0.005 -26"><span class='ocrx_word' id='word_1_322' title='bbox 286 3805 396 3857; x_wconf 86' lang='lat' dir='ltr'><strong>Homeri</strong></span> <span class='ocrx_word' id='word_1_323' title='bbox 407 3807 488 3858; x_wconf 87' lang='lat' dir='ltr'><strong>modo</strong></span> <span class='ocrx_word' id='word_1_324' title='bbox 501 3806 619 3880; x_wconf 72' lang='lat' dir='ltr'><strong>mythice</strong></span> <span class='ocrx_word' id='word_1_325' title='bbox 631 3805 749 3858; x_wconf 87' lang='lat' dir='ltr'><strong>sollertia</strong></span> <span class='ocrx_word' id='word_1_326' title='bbox 760 3806 788 3856; x_wconf 90' lang='lat' dir='ltr'><strong>in</strong></span> <span class='ocrx_word' id='word_1_327' title='bbox 802 3803 844 3855; x_wconf 90' lang='lat' dir='ltr'><strong>his</strong></span> <span class='ocrx_word' id='word_1_328' title='bbox 858 3821 886 3856; x_wconf 92' lang='lat' dir='ltr'><strong>se</strong></span> <span class='ocrx_word' id='word_1_329' title='bbox 898 3814 1069 3864; x_wconf 76' lang='lat' dir='ltr'><strong>exercuerat5</strong></span> <span class='ocrx_word' id='word_1_330' title='bbox 1081 3802 1141 3866; x_wconf 86' lang='lat' dir='ltr'><strong>sed,</strong></span> <span class='ocrx_word' id='word_1_331' title='bbox 1155 3800 1253 3857; x_wconf 68' lang='lat' dir='ltr'><strong>Nimiae</strong></span> <span class='ocrx_word' id='word_1_332' title='bbox 1265 3815 1329 3851; x_wconf 91' lang='lat' dir='ltr'><strong>con·</strong></span> 
     </span>
     <span class='ocr_line' id='line_1_37' title="bbox 287 3879 1329 3956; baseline -0.007 -21"><span class='ocrx_word' id='word_1_333' title='bbox 287 3884 416 3952; x_wconf 83' lang='lat' dir='ltr'><strong>dere,res</strong></span> <span class='ocrx_word' id='word_1_334' title='bbox 426 3885 531 3937; x_wconf 84' lang='lat' dir='ltr'><strong>videtur</strong></span> <span class='ocrx_word' id='word_1_335' title='bbox 542 3889 624 3939; x_wconf 78' lang='lat' dir='ltr'><strong>luisse</strong></span> <span class='ocrx_word' id='word_1_336' title='bbox 631 3883 765 3940; x_wconf 83' lang='lat' dir='ltr'><strong>veteribus</strong></span> <span class='ocrx_word' id='word_1_337' title='bbox 775 3886 861 3956; x_wconf 87' lang='lat' dir='ltr'><strong>poetis</strong></span> <span class='ocrx_word' id='word_1_338' title='bbox 873 3883 993 3955; x_wconf 88' lang='lat' dir='ltr'><strong>pluribus</strong></span> <span class='ocrx_word' id='word_1_339' title='bbox 1005 3884 1186 3954; x_wconf 85' lang='lat' dir='ltr'><strong>frequentata;</strong></span> <span class='ocrx_word' id='word_1_340' title='bbox 1200 3881 1239 3932; x_wconf 89' lang='lat' dir='ltr'><strong>uti</strong></span> <span class='ocrx_word' id='word_1_341' title='bbox 1250 3879 1329 3950; x_wconf 87' lang='lat' dir='ltr'><strong>plura</strong></span> 
     </span>
     <span class='ocr_line' id='line_1_38' title="bbox 287 3965 1330 4036; baseline -0.006 -20"><span class='ocrx_word' id='word_1_342' title='bbox 287 3965 367 4016; x_wconf 85' lang='lat' dir='ltr'><strong>etiam</strong></span> <span class='ocrx_word' id='word_1_343' title='bbox 379 3983 428 4035; x_wconf 90' lang='lat' dir='ltr'><strong>per</strong></span> <span class='ocrx_word' id='word_1_344' title='bbox 440 3965 568 4018; x_wconf 82' lang='lat' dir='ltr'><strong>Graeciam</strong></span> <span class='ocrx_word' id='word_1_345' title='bbox 580 3967 655 4020; x_wconf 80' lang='lat' dir='ltr'><strong>fuere</strong></span> <span class='ocrx_word' id='word_1_346' title='bbox 667 3965 872 4032; x_wconf 87' lang='lat' dir='ltr'><strong>Necromantia,</strong></span> <span class='ocrx_word' id='word_1_347' title='bbox 887 3965 1038 4036; x_wconf 87' lang='lat' dir='ltr'><strong>antiquiore</strong></span> <span class='ocrx_word' id='word_1_348' title='bbox 1050 3974 1121 4015; x_wconf 88' lang='lat' dir='ltr'><strong>certe</strong></span> <span class='ocrx_word' id='word_1_349' title='bbox 1133 3979 1203 4022; x_wconf 65' lang='lat' dir='ltr'><strong>evo,</strong></span> <span class='ocrx_word' id='word_1_350' title='bbox 1216 3979 1278 4012; x_wconf 90' lang='lat' dir='ltr'><strong>narn</strong></span> <span class='ocrx_word' id='word_1_351' title='bbox 1292 3971 1330 4010; x_wconf 79' lang='lat' dir='ltr'><strong>tu-</strong></span> 
     </span>
     <span class='ocr_line' id='line_1_39' title="bbox 288 4041 1331 4117; baseline -0.007 -21"><span class='ocrx_word' id='word_1_352' title='bbox 288 4044 341 4097; x_wconf 89' lang='lat' dir='ltr'><strong>lem</strong></span> <span class='ocrx_word' id='word_1_353' title='bbox 351 4047 565 4117; x_wconf 85' lang='lat' dir='ltr'><strong>superstitionem</strong></span> <span class='ocrx_word' id='word_1_354' title='bbox 577 4048 672 4100; x_wconf 86' lang='lat' dir='ltr'><strong>melior</strong></span> <span class='ocrx_word' id='word_1_355' title='bbox 680 4049 740 4099; x_wconf 78' lang='lat' dir='ltr'><strong>vitae</strong></span> <span class='ocrx_word' id='word_1_356' title='bbox 751 4048 856 4099; x_wconf 87' lang='lat' dir='ltr'><strong>cultura</strong></span> <span class='ocrx_word' id='word_1_357' title='bbox 869 4047 957 4097; x_wconf 85' lang='lat' dir='ltr'><strong>statim</strong></span> <span class='ocrx_word' id='word_1_358' title='bbox 971 4045 1063 4098; x_wconf 85' lang='lat' dir='ltr'><strong>tollere</strong></span> <span class='ocrx_word' id='word_1_359' title='bbox 1075 4043 1176 4096; x_wconf 90' lang='lat' dir='ltr'><strong>debuit.</strong></span> <span class='ocrx_word' id='word_1_360' title='bbox 1188 4044 1218 4092; x_wconf 87' lang='lat' dir='ltr'><strong>ln</strong></span> <span class='ocrx_word' id='word_1_361' title='bbox 1228 4041 1331 4110; x_wconf 74' lang='lat' dir='ltr'><strong>Minya·</strong></span> 
     </span>
     <span class='ocr_line' id='line_1_40' title="bbox 288 4120 1330 4202; baseline -0.011 -25"><span class='ocrx_word' id='word_1_362' title='bbox 288 4123 322 4178; x_wconf 90' lang='lat' dir='ltr'><strong>de</strong></span> <span class='ocrx_word' id='word_1_363' title='bbox 336 4137 361 4178; x_wconf 89' lang='lat' dir='ltr'><strong>et</strong></span> <span class='ocrx_word' id='word_1_364' title='bbox 375 4124 404 4177; x_wconf 93' lang='lat' dir='ltr'><strong>in</strong></span> <span class='ocrx_word' id='word_1_365' title='bbox 415 4120 524 4194; x_wconf 76' lang='lat' dir='ltr'><strong>Ninus,</strong></span> <span class='ocrx_word' id='word_1_366' title='bbox 537 4143 578 4178; x_wconf 87' lang='lat' dir='ltr'><strong>res</strong></span> <span class='ocrx_word' id='word_1_367' title='bbox 593 4127 692 4180; x_wconf 84' lang='lat' dir='ltr'><strong>inieras</strong></span> <span class='ocrx_word' id='word_1_368' title='bbox 707 4127 825 4202; x_wconf 84' lang='lat' dir='ltr'><strong>Orcique</strong></span> <span class='ocrx_word' id='word_1_369' title='bbox 838 4138 953 4182; x_wconf 85' lang='lat' dir='ltr'><strong>terrores</strong></span> <span class='ocrx_word' id='word_1_370' title='bbox 967 4126 1048 4180; x_wconf 87' lang='lat' dir='ltr'><strong>fuisse</strong></span> <span class='ocrx_word' id='word_1_371' title='bbox 1061 4133 1205 4188; x_wconf 81' lang='lat' dir='ltr'><strong>tractatos,</strong></span> <span class='ocrx_word' id='word_1_372' title='bbox 1217 4130 1330 4172; x_wconf 86' lang='lat' dir='ltr'><strong>testatur</strong></span> 
     </span>
    </p>
   </div>
   <div class='ocr_carea' id='block_1_4' title="bbox 0 0 1545 4682">
    <p class='ocr_par' dir='ltr' id='par_1_4' title="bbox 0 0 1545 4682">
     <span class='ocr_line' id='line_1_41' title="bbox 0 0 1545 4682; baseline 0 0"><span class='ocrx_word' id='word_1_373' title='bbox 0 0 1545 4682; x_wconf 95' lang='lat' dir='ltr'><strong> </strong></span> 
     </span>
    </p>
   </div>
  </div>
 </body>
</html>
