2996 4694
291 353 335 436 44
544 359 579 422 Ρ.
603 357 835 424 VlllGlLll
858 355 1090 428 MARONIS

293 481 378 542 Ante
391 480 498 544 omnis
510 497 622 570 stupet
634 483 704 571 ipse
717 484 834 561 Dares,-
848 481 1013 575 longeque
1025 499 1172 567 recusat;

294 585 592 677 Magnanimusque
604 586 832 669 Anchisiades,
846 605 879 653 et
890 590 1036 678 pondus,
1050 609 1082 655 et
1095 594 1165 679 ipsa

294 690 372 783 Huc
383 691 461 756 illuc
473 693 658 758 vinclorum
670 695 818 759 inmensa
829 695 998 760 volumina
1008 715 1126 762 versat.

294 794 383 858 Tum
396 797 506 861 senior
518 799 589 863 talis
602 799 767 864 referebat
778 817 913 889 pectore
925 825 1040 868 voces:

298 900 426 981 «Quid,
441 905 468 966 si
481 905 554 994 quis
566 921 674 970 cestus
687 906 789 994 ipsius
802 923 836 972 et
847 907 1000 973 Herculis
1012 931 1102 973 arma
1296 916 1343 976 lto

294 1003 453 1088 Vidisset,
468 1010 662 1100 tristemque
674 1010 739 1078 hoc
752 1014 824 1101 ipso
837 1015 870 1076 in
884 1013 981 1078 litore
993 1015 1163 1103 pugnam?

294 1111 375 1177 Haec
388 1135 562 1200 germanus
575 1118 660 1207 Eryx
672 1117 840 1208 quondam
853 1135 930 1185 tuus
941 1143 1031 1184 arma
1044 1118 1192 1208 gerebam

295 1220 461 1308 Sanguine
473 1226 581 1288 cernis
593 1223 703 1290 adhuc
716 1227 887 1316 fractoque
900 1229 1021 1292 infecta
1033 1211 1170 1292 cerebro
1182 1249 1189 1287 :

296 1326 357 1390 His
370 1348 526 1414 magnum
538 1327 676 1394 Alciden
688 1349 802 1396 contra
814 1334 921 1411 stetit,
935 1333 986 1397 his
999 1355 1061 1421 ego
1074 1349 1202 1410 suetus,

297 1431 387 1494 Dum
400 1433 518 1497 melior
528 1436 614 1498 vires
626 1436 757 1522 sanguis
770 1435 881 1520 dabat,
896 1439 1014 1502 aemula
1027 1436 1171 1502 necdum
1300 1449 1345 1506 l¹⁵

298 1537 522 1625 Temporibus
534 1542 673 1627 geminis
686 1541 823 1606 canebat
835 1561 946 1630 sparsa
958 1559 1121 1608 senectus.

299 1643 378 1723 Sed,
392 1645 419 1708 si
432 1664 543 1711 nostra
554 1651 657 1714 Dares
669 1648 740 1715 haec
751 1651 873 1714 Troius
884 1673 975 1715 arma
987 1667 1130 1730 recusat,

301 1749 409 1840 ldque
421 1755 478 1842 pio
490 1755 584 1820 sedet
597 1760 720 1837 AEneae,
735 1757 853 1846 probat
864 1774 979 1824 auctor
989 1762 1136 1839 Acestes,

300 1936 352 1966 rum
368 1919 434 1966 boum
447 1931 507 1986 terqn
520 1923 610 1982 (coria)
626 1923 744 1989 tepebunt(
752 1937 833 1971 ornate
847 1942 890 1988 pro
903 1928 993 1984 erant).
1008 1926 1039 1972 cf.
1056 1923 1086 1970 ad
1098 1921 1189 1970 Gallim.
1200 1927 1226 1970 in
1241 1922 1293 1970 Del.
1311 1939 1350 1986 27.

300 1989 395 2052 -417,
411 2008 455 2054 que
468 2006 522 2039 ante
539 1993 633 2040 Anelrr'r.
650 1995 715 2042 deest
729 1995 835 2041 Parrbas.
851 2005 874 2041 et
884 1999 955 2060 ipsum
967 1996 1015 2043 duo
1032 1997 1158 2041 Burmann.
1174 2019 1206 2030 -
1221 1992 1351 2056 41141111·-

302 2071 382 2126 toque,
397 2064 462 2126 quod
474 2065 569 2112 Heinsio
580 2066 640 2112 forte
652 2069 738 2113 rectius
750 2066 795 2128 legi
808 2069 882 2114 visum
894 2081 958 2125 erat,
977 2080 1001 2114 et
1012 2070 1171 2122 Burmannus,
1185 2077 1298 2128 quantum
1314 2065 1351 2109 vi·

302 2133 360 2188 deo,
377 2136 402 2180 in
414 2148 547 2182 contextum
559 2137 653 2194 intulit,
670 2138 751 2184 decent
762 2139 857 2201 quidem
870 2139 939 2186 codd.
952 2141 1090 2186 auctoritate
1106 2135 1250 2182 defenditur.
1263 2136 1351 2179 Vetus·

301 2208 383 2253 tissimi
395 2221 485 2264 tamen,
498 2223 524 2256 ιιι
535 2212 585 2273 ipse
598 2211 663 2256 1111111.
678 2225 700 2256 et
712 2211 845 2268 Mediccus,
857 2214 882 2258 in
895 2212 967 2260 altera
983 2213 1085 2259 lectione
1099 2210 1249 2256 consentiunt
1262 2223 1268 2252 ι
1280 2221 1349 2270 spar-

302 2293 382 2342 soque,
394 2279 419 2324 in
431 2295 480 2342 quo
491 2280 550 2327 nihil
561 2282 720 2345 reprehendas
727 2301 736 2337 ,-
748 2297 817 2337 nam,
830 2283 894 2346 quod
905 2300 972 2330 versu
981 2295 1066 2345 quarto
1075 2295 1155 2343 sparsa
1162 2293 1181 2324 t·
1194 2278 1305 2331 recurrit,
1315 2273 1352 2321 ”ll

302 2350 376 2396 abest.
390 2352 430 2406 At,
442 2354 460 2397 si
473 2355 497 2396 in
509 2368 557 2398 uno
569 2354 622 2399 loco
634 2355 742 2400 codicum
752 2357 914 2400 auctoritatam
926 2354 963 2401 vel
976 2355 1085 2400 adversus
1094 2354 1208 2396 rationem
1218 2350 1352 2411 sequimur,

302 2417 354 2464 alils
366 2431 429 2465 certe
441 2419 499 2465 locis
511 2437 558 2466 non
570 2425 620 2468 sine
634 2425 724 2468 ratione
739 2439 789 2468 eam
802 2424 910 2470 deserere
923 2423 1073 2469 debebamus.
1087 2423 1153 2466 Nunc
1166 2423 1250 2466 iterum
1265 2432 1352 2463 novare

304 2485 420 2547 displicet.
425 2487 548 2552 fructuque
560 2495 660 2552 inspersa
671 2493 765 2553 Regius.
773 2490 865 2546 -414,
878 2493 921 2536 His
931 2490 1040 2554 praeclare
1053 2491 1132 2534 lleins.
1144 2490 1246 2534 restituit
1258 2504 1271 2532 e
1283 2485 1352 2531 codd.

307 2565 330 2598 et
346 2555 471 2600 Prisciano.
487 2557 565 2618 Vulgo
579 2558 639 2605 male
657 2561 709 2604 Hic.
729 2557 833 2604 Alcidem
844 2559 942 2606 Dorvill.
959 2584 991 2595 -
1008 2559 1062 2615 416.
1077 2571 1134 2602 cuno
1145 2572 1164 2601 s.
1177 2557 1258 2600 llamb.
1271 2571 1307 2617 pr.
1322 2578 1354 2589 -

305 2621 360 2684 417.
373 2634 461 2670 recurret
473 2627 526 2672 Eae.
539 2629 664 2674 Burmann.
677 2654 709 2665 -
719 2629 773 2686 418.
787 2627 828 2675 hoc
837 2629 920 2692 probat
933 2629 1024 2692 aliquot
1039 2629 1113 2684 Pleu,
1132 2625 1162 2671 ab
1177 2623 1355 2685 interpolatore.

306 2753 404 2818 406-
416 2757 475 2821 408.
497 2756 640 2833 lottqeque,
661 2763 754 2826 valde,
775 2777 805 2813 ut
852 2791 887 2802 -
899 2762 959 2829 413.
976 2761 1062 2812 Etiam
1082 2758 1126 2810 hic
1143 2773 1235 2809 versus
1254 2757 1354 2807 nostris

305 2833 377 2886 Serv.
390 2835 495 2890 Scilicet
505 2841 532 2891 in
546 2851 646 2893 recusat
656 2843 720 2894 latet
730 2845 804 2893 notio
853 2843 974 2894 sensibus
994 2839 1130 2892 fastidium
1148 2838 1232 2890 faciat
1245 2853 1355 2887 necesse

305 2915 349 2966 rori
362 2916 467 2989 refuqit.
482 2920 628 2972 vinclorum
640 2921 690 2974 vol.
704 2925 751 2975 int.
764 2925 805 2975 lo-
854 2936 902 2976 est.
916 2922 968 2975 Sed
979 2941 1003 2973 v.
1020 2923 1078 2992 sup.
1092 2919 1127 2970 ad
1138 2938 1163 2970 v.
1181 2917 1232 2989 3²7
1246 2934 1304 2987 sqq.
1319 2947 1353 2956 -

306 2997 462 3069 ra,quibus
479 3003 649 3054 restuscirca
666 3004 805 3058 brachium
854 3003 914 3069 415.
940 3000 1036 3054 oemula
1061 2999 1193 3072 intellige,
1218 2994 1354 3067 quomodo

306 3077 470 3150 religaretur.
856 3081 921 3133 alias
933 3083 1019 3153 poetis
1031 3079 1138 3144 invida,
1151 3090 1273 3130 senectus
1287 3094 1356 3126 non·

343 3158 395 3223 410
408 3189 441 3198 -
453 3159 513 3230 419.
528 3160 616 3230 Quid?
633 3163 656 3214 si
673 3163 806 3216 vidissetis
855 3161 919 3214 dum
942 3163 1052 3214 currebat
1075 3177 1162 3231 sparsa
1184 3155 1354 3227 temptandum

307 3237 390 3308 ipsius
411 3241 532 3294 Herculis
556 3255 671 3307 castum,
691 3257 806 3314 quantus
855 3241 975 3294 nondum
984 3243 1044 3294 cani
1054 3252 1130 3294 erant
1140 3238 1225 3308 sparsi
1233 3253 1281 3304 per
1292 3247 1356 3285 tem·

306 3317 352 3370 ille
378 3332 452 3372 crat:
474 3332 554 3374 cestus
573 3331 600 3373 et
623 3341 705 3374 111111.
732 3343 807 3375 arma
856 3341 932 3394 pora.
961 3313 1261 3379 ornatissime—418.
1289 3311 1359 3366 sedet

307 3415 362 3450 '¹⁰¹¹
375 3413 486 3471 Ρ08811111
503 3420 560 3454 0⁸⁵⁶
579 3403 632 3454 alia
652 3423 731 3474 quam
750 3407 807 3476 ipse
857 3417 886 3456 nt
906 3423 964 3474 sup.
985 3402 1031 3453 lib.
1049 3402 1085 3461 ll,
1106 3396 1158 3447 660
1172 3393 1201 3444 Si
1220 3393 1289 3445 sedet
1309 3391 1357 3485 loe

308 3492 404 3532 cestus.
429 3479 513 3533 Sicut
533 3499 594 3533 mox
614 3500 638 3531 v.
662 3483 721 3550 414.
747 3483 807 3548 415.
858 3484 956 3534 animo.
966 3475 1178 3538 auctorAcestes,
1193 3491 1300 3536 suasor,
1310 3489 1357 3542 qur

308 3558 365 3608 Nec
377 3560 503 3612 Hercules
524 3561 614 3627 aliter,
634 3580 715 3631 quam
730 3564 809 3632 pugi·
858 3563 959 3630 primus
973 3575 1014 3606 rue
1028 3554 1143 3606 adhunc
1157 3573 1273 3628 pugnam
1289 3553 1358 3604 exci-

309 3635 380 3704 latu,
405 3657 464 3690 cum
489 3643 570 3713 Eryce
598 3643 741 3712 pugnavit,
768 3640 810 3692 vel
859 3639 932 3690 tavit.
943 3651 1074 3705 sequemur
1081 3645 1357 3705 puqnas,certamen‚

310 3718 396 3768 numia
412 3720 654 3787 testibus—412.
670 3738 811 3792 pennottus
860 3730 886 3770 et
910 3732 980 3766 nunc
1011 3713 1117 3784 quidem
1148 3732 1235 3776 arma,
1259 3723 1355 3798 cestus.

311 3795 412 3858 ffineaes
425 3797 519 3850 eadem
536 3801 628 3853 saltem
642 3812 725 3851 matre
739 3798 813 3870 geni·
862 3795 980 3858 remitto,
995 3792 1061 3845 cedo
1072 3812 1102 3845 ac
1111 3793 1233 3844 renuntio
1242 3791 1358 3842 cestibus

312 3875 375 3945 tus(
388 3877 423 3927 cf.
439 3877 598 3952 Wessaling.
612 3881 689 3931 Obss.
704 3880 728 3943 l,
746 3879 775 3928 13
787 3879 812 3950 )‚
861 3875 965 3946 Erycis,
978 3885 1006 3924 ut
1016 3873 1084 3925 bene
1094 3871 1187 3924 Cerda.
1197 3870 1238 3923 Sic
1247 3883 1273 3923 et
1283 3870 1358 3935 alias,

315 3956 415 4026 quippe
426 3957 537 4008 Veneris
551 3977 582 4010 ex
594 3961 660 4010 Buta
672 3957 682 4028 (
696 3957 742 4010 sod
760 3957 812 4008 alio
861 3975 885 4006 v.
900 3975 923 4008 c.
937 3956 984 4006 int'.
1003 3955 1053 4018 Xl,
1073 3954 1125 4022 359
1143 3953 1221 4004 Cedat
1232 3954 1278 4022 jus
1296 3967 1360 4021 pro-

313 4053 393 4106 quam
412 4037 450 4101 is,
468 4035 501 4089 de
521 4055 574 4108 quo
595 4057 619 4091 v.
640 4038 714 4110 372)
734 4037 813 4090 lilius.
860 4036 949 4107 prium
965 4037 1032 4109 rapi,
1044 4029 1321 4108 patriequereynittat.
