3022 4682
456 430 692 497 AENEIDOS
716 433 869 498 LIBER
891 437 954 501 vt.
1165 445 1226 528 ¹49

186 555 263 635 Hic,
277 579 360 644 quos
373 555 476 621 durus
488 579 580 620 amor
592 556 718 622 crudeli
731 557 805 622 tabe
818 558 960 646 peredit,

185 661 308 726 Secreti
320 661 427 726 celant
438 660 550 742 calles,
564 679 596 726 et
608 679 733 752 myrtea
745 665 870 728 circum

185 766 272 831 Silva
284 768 378 854 tegit,
390 790 477 833 eurae
490 791 557 832 non
570 769 639 856 ipsa
652 769 685 832 in
698 786 804 834 morte
817 769 1018 858 relinquunt.

185 873 246 938 His
258 871 427 938 Phaedram
437 875 637 965 Procrinque
645 876 740 954 locis,
752 891 966 964 maestamque
975 875 1168 966 Eriphylen,
1179 889 1225 948 ιιι

217 1054 270 1112 dia.
279 1057 323 1103 Hic
331 1059 408 1106 licina.
417 1060 523 1106 eMedie.
532 1073 554 1107 et
565 1059 594 1107 al.
602 1061 694 1122 Vulgo:
704 1062 771 1106 nnc.
781 1061 809 1106 At
818 1061 852 1106 Hi
858 1060 968 1106 Ilotteud.
978 1073 1001 1107 et
1009 1062 1075 1107 Witt.
1084 1077 1154 1125 pisos,
1162 1060 1228 1124 quod
1298 1063 1301 1068 ‘

186 1126 266 1174 licina.
279 1129 373 1191 probat,
383 1133 493 1194 qnoniam
505 1133 597 1179 leminis
609 1149 661 1180 mox
672 1145 842 1188 memorentur,
852 1131 941 1178 Zulich.
954 1131 1036 1186 hahet,
1049 1145 1072 1180 et
1083 1148 1170 1195 pronus
1180 1147 1228 1179 esse

187 1197 246 1243 tolet
257 1200 281 1244 in
289 1199 372 1246 talibus
380 1217 452 1248 error.
459 1203 547 1250 Tamen
560 1205 620 1250 infra
632 1203 740 1268 Sychaeus
748 1219 844 1267 qunque
854 1205 878 1248 in
891 1202 972 1250 iisdem
983 1203 1229 1248 inclementiorem

187 1283 210 1312 a.
224 1268 271 1315 dno
283 1271 346 1333 apud
356 1273 432 1318 Burin.
441 1275 630 1338 percpitllurvill.
638 1279 732 1340 peremit
741 1275 848 1320 nonnulli
862 1276 921 1320 l’ier.
933 1287 956 1320 ct
966 1277 1090 1322 Burmann.
1098 1291 1151 1320 cum
1159 1273 1228 1320 Goth.

188 1351 254 1396 “fl-2
265 1341 305 1388 κά
318 1341 367 1388 tude
376 1345 462 1406 peredit
468 1349 562 1408 proprie
571 1347 696 1409 adjectum.
706 1371 737 1382 -
744 1345 797 1402 443.
805 1343 873 1392 colles
880 1349 956 1408 Sprot.
965 1359 988 1392 et
996 1345 1089 1392 Vratisl.
1098 1361 1151 1390 cum
1160 1345 1229 1390 Goth.

188 1425 236 1457 sec.
247 1413 274 1457 Δι
286 1425 338 1460 tert.
350 1415 433 1462 mules.
448 1426 538 1464 servom
550 1417 619 1465 colles
632 1419 671 1466 ed.
686 1419 744 1464 Ven.
759 1419 854 1464 Secreto
867 1415 937 1463 vates
950 1419 1012 1478 conj.
1025 1419 1062 1464 Jo.
1077 1417 1231 1472 Sclnaderur,

190 1482 245 1543 quia
257 1482 326 1530 calles
339 1487 375 1530 vix
385 1486 431 1532 dici
443 1501 539 1550 ροιιιιιιι
549 1488 625 1535 celare
635 1488 751 1552 aliquem,
762 1501 784 1534 ct
794 1487 873 1534 laudet
882 1489 938 1532 Stat.
949 1487 1005 1534 sttv.
1016 1488 1057 1542 ΙΙΙ,
1072 1502 1116 1548 ²9⁰
1134 1487 1232 1532 Centau·

189 1565 398 1612 rosque-averse
407 1555 443 1602 cel
450 1565 480 1602 nt
489 1556 557 1604 ualles
567 1574 574 1603 .·
585 1558 639 1604 add.
651 1574 702 1620 sup·
715 1574 737 1603 v.
754 1557 803 1604 138.
815 1557 864 1624 ¹:³9·
877 1557 1000 1602 Enimvero
1011 1560 1090 1602 secreti
1099 1553 1168 1602 calles
1179 1565 1234 1601 sunt

188 1623 275 1668 sentite
284 1625 308 1668 in
318 1623 374 1672 locis
383 1631 490 1685 seeretis,
500 1643 523 1676 et
532 1633 557 1676 in
568 1633 623 1694 ipsis
636 1631 751 1694 myrtetis,
762 1645 804 1692 per
812 1645 864 1692 quae
872 1641 975 1674 errantes
982 1628 1069 1674 umbras
1079 1628 1140 1674 hcne
1149 1626 1233 1672 dicun·

188 1703 227 1738 tur
236 1693 336 1742 celarier
347 1699 398 1760 ipso
408 1699 459 1746 loeo
470 1714 493 1748 et
502 1705 583 1749 semita
594 1720 635 1766 per
647 1717 699 1748 eum
710 1701 819 1747 ducente.
831 1703 902 1746 Etiam
913 1701 954 1745 inf.
965 1701 1007 1754 ΙΙΙ,
1018 1700 1062 1746 383
1072 1701 1133 1746 llam
1143 1713 1184 1762 per
1192 1713 1233 1744 oe·

187 1762 260 1812 cultos
270 1765 442 1817 lueedctsemitc
452 1771 529 1820 calles.
540 1800 571 1811 -
583 1775 636 1832 ddi.
648 1777 705 1838 ipsoe
716 1771 775 1819 alter
788 1773 912 1834 llamhurg.
926 1777 948 1816 irs
960 1773 1025 1818 deest
1036 1772 1097 1818 hinis
1108 1771 1234 1816 Burmann.

187 1835 525 1903 —tt⁵.1³mcntn,rroertm,
540 1846 656 1894 Proehn'm
668 1845 819 1908 corruptels23
833 1846 888 1892 item
899 1843 1037 1908 Eriphylen.

187 1983 249 2053 pius
262 1985 430 2042 observatum
442 2006 495 2059 est,
512 1996 546 2048 ab
561 1995 614 2048 hec
626 1993 687 2047 dul·
735 1996 848 2046 feminas
863 2014 953 2047 amore
974 1995 1070 2046 misero
1083 1999 1234 2044 consumtus

189 2063 288 2115 tissimi
313 2068 439 2136 aflectus,
467 2074 518 2125 nisi
541 2075 688 2146 conjugalis
737 2074 859 2146 Sychaeus
880 2075 1039 2124 occurrit‘v.
1063 2073 1122 2140 473.
1136 2073 1235 2122 Verum

189 2139 236 2192 ille
249 2157 317 2196 esset
331 2159 357 2198 et
369 2153 470 2220 magnis
486 2151 689 2206 difficultatibus
737 2155 794 2223 ipse
812 2167 892 2223 poeta
905 2153 994 2204 locum
1010 2171 1064 2204 non
1082 2151 1144 2201 solis
1161 2149 1238 2200 femi·

191 2219 349 2291 implicitus,
369 2227 544 2282 admiratione
556 2233 582 2283 in
595 2233 690 2284 mulie·
738 2234 779 2282 nis
799 2234 993 2302 assignaverat,
1010 2249 1071 2282 narn
1088 2245 1178 2280 versus
1199 2227 1237 2276 sic

190 2297 234 2351 bri
248 2318 310 2354 sexu
328 2305 454 2361 abhorret
467 2311 626 2382 antiquitas3
640 2331 690 2366 nec
739 2310 892 2364 exorditur:
910 2309 962 2360 Hic
978 2327 1045 2380 quos
1065 2308 1145 2358 dunas
1164 2321 1239 2354 amor

191 2381 243 2432 nisi
261 2402 337 2438 casus
358 2390 472 2461 tragicos
485 2393 511 2442 in
524 2391 576 2444 hoc
593 2412 690 2466 genere
741 2389 841 2441 crudeli
863 2389 920 2440 tabe
941 2387 1042 2460 peredit
1064 2404 1104 2458 sq.
1125 2385 1192 2434 Turn
1216 2382 1238 2432 si

191 2474 315 2514 sectatur.
329 2466 515 2524 Recentiorum
526 2490 590 2524 sane
600 2485 692 2543 poeta-
741 2468 783 2520 vel
804 2470 916 2520 maxime
934 2467 987 2520 hnc
1010 2469 1047 2518 ite
1065 2485 1093 2520 se
1115 2464 1240 2526 haberet,

192 2555 252 2592 rum
267 2546 382 2614 optimus
402 2549 514 2620 quisque
533 2549 568 2602 ad
586 2563 690 2604 nostros
742 2549 826 2600 nolim
837 2560 944 2619 poetam
956 2549 984 2599 in
994 2545 1115 2598 ordinem
1126 2561 1239 2616 cogere,

189 2637 278 2674 meres
291 2642 323 2676 ae
335 2628 602 2683 sensuslocumhunc
610 2649 692 2703 quan·
739 2641 868 2699 tanquam
880 2630 902 2680 si
913 2627 1038 2680 historias
1051 2643 1137 2678 rerum
1150 2635 1239 2696 gesta·

192 2703 321 2758 tomelius
330 2714 478 2764 tractasset!
489 2711 615 2764 Praestent
625 2731 691 2784 qno·
739 2727 798 2760 rum
811 2709 946 2760 conderet.
965 2709 1028 2758 Late
1044 2724 1107 2758 vern
1122 2713 1240 2775 patentes

193 2796 244 2850 qne
256 2799 346 2836 versus
358 2787 457 2840 Tibulli
472 2791 483 2839 1
495 2789 533 2841 El.
547 2791 578 2856 3,
592 2791 624 2860 57
641 2792 693 2844 Sed
740 2805 849 2857 campos
862 2788 942 2850 fecit,
957 2804 1010 2836 non
1023 2827 1031 2854 ‚
1042 2797 1071 2836 ut
1085 2786 1172 2854 intpp.
1190 2800 1240 2833 vo·

192 2875 235 2910 me
248 2864 319 2931 quod
323 2863 417 2933 facilis
427 2879 513 2918 tenero
523 2887 581 2920 sum
592 2887 693 2940 semper
740 2865 811 2928 lunt,
833 2864 1010 2916 multitudinis
1032 2881 1141 2926 caussa,
1160 2878 1241 2931 quem

192 2937 286 2991 Amori
297 2959 355 3013 sqq.
367 2946 456 3016 Ipsum
466 2948 641 3018 virgilianum
652 2949 692 2998 lo·
741 2947 876 3015 excepturi
886 2957 962 3010 sunt,
973 2943 1019 2996 sed
1032 2957 1060 2993 ut
1070 2941 1241 2994 solitudinem

195 3028 255 3068 curn
269 3017 391 3072 disertius
408 3027 544 3076 exornavit
558 3026 691 3080 Ausonius
741 3026 768 3076 in
790 3027 836 3090 iis,
860 3043 941 3096 quam
965 3035 1100 3094 quaerunt,
1123 3019 1243 3072 habeant

195 3096 224 3148 in
235 3096 330 3168 Cupid.
349 3103 457 3167 crucifi,
477 3103 524 3154 sed
542 3103 693 3172 desideres,
742 3117 871 3156 amantes.

195 3188 225 3226 ut
236 3175 316 3241 alibi,
328 3180 355 3229 in
365 3198 397 3230 eo
404 3180 498 3248 judicii
511 3183 691 3236 subtilitatem.
778 3181 1023 3252 445-449.Α1ἰει
1036 3197 1106 3232 nunc
1118 3177 1244 3231 heroicas

169 3313 180 3328 ,
196 3253 274 3308 Geni.
296 3275 403 3329 qaoque
423 3258 541 3329 Propert.
554 3262 603 3326 tv,
617 3279 646 3330 7,
660 3261 694 3330 59
743 3261 879 3333 subjungit
896 3275 977 3332 poeta
988 3272 1015 3312 et
1032 3259 1149 3310 diversas
1164 3275 1180 3308 a
1196 3259 1245 3309 mi·

196 3353 236 3405 sq.
254 3336 352 3388 Verum
375 3337 499 3410 Virgilius
519 3351 580 3392 ante
602 3339 694 3394 oeulos
744 3357 801 3391 sere
828 3340 987 3392 amantibus.
1010 3335 1105 3407 Odyss.
1130 3350 1160 3401 λ,
1193 3333 1245 3388 320

170 3475 175 3484 Ι
195 3413 289 3466 habuit
307 3429 334 3468 et
351 3419 480 3488 expressit
498 3417 587 3470 locum
601 3416 652 3469 Od.
666 3433 694 3480 a,
745 3415 842 3485 eclipsi
854 3437 879 3469 rs
893 3415 987 3485 np'rpr
997 3434 1022 3468 cs
1033 3413 1093 3479 lter,
1108 3425 1134 3466 et
1151 3431 1176 3464 v.
1194 3411 1245 3465 325

197 3496 249 3562 aad
261 3511 315 3565 sq.,
327 3496 379 3549 320
390 3516 432 3568 sq.
442 3499 470 3549 in
479 3514 533 3569 que
545 3499 695 3568 promiscue
746 3493 854 3563 myspir
863 3495 883 3548 τ’
898 3493 1026 3564 Ἐριφύλην,
1039 3493 1070 3544 ‘tt
1084 3487 1168 3560 vocis
1179 3491 1245 3557 φίλον

198 3573 315 3628 heroine
327 3595 359 3628 ex
373 3579 465 3632 inferis
478 3577 613 3650 prodeunt
629 3575 697 3629 imi
746 3572 826 3644 inepte
835 3572 939 3642 idibus
952 3572 1078 3639 raptam
1090 3571 1123 3625 de
1134 3572 1175 3624 his
1191 3591 1247 3626 om·

198 3651 309 3722 &panim
331 3656 411 3721 ἄλοχοι
428 3656 494 3720 ieet,
514 3654 553 3710 idi
568 3654 696 3726 θύγατρας.
746 3657 825 3710 nibus
845 3653 1003 3726 Apollodor.
1021 3653 1115 3724 llygin.
1135 3650 1246 3706 Diodor.

198 3735 289 3788 Clarae
318 3735 439 3789 mulieres
466 3741 494 3790 in
524 3739 626 3810 Necyio
649 3755 699 3792 sna
747 3740 798 3792 Sic.
821 3735 911 3790 Ovidii
934 3733 1112 3804 Metamorph.
1151 3746 1248 3804 preter

199 3818 279 3868 etiam
302 3817 461 3888 Polygnotus
481 3820 603 3889 pinxerat
624 3816 699 3890 apud
747 3818 867 3872 Servium
879 3814 950 3870 adh.
967 3815 985 3867 Ι.
1000 3813 1177 3868 consulendos
1189 3833 1246 3868 csse

199 3895 312 3948 Pausan.
332 3895 369 3960 tt,
391 3897 437 3960 aa,
458 3915 505 3966 ις),
523 3899 550 3950 in
568 3897 610 3950 his
629 3899 699 3951 Phe·
748 3912 778 3952 nt
810 3915 948 3964 moneam,
976 3913 1084 3950 necesse
1111 3913 1165 3948 non
1198 3909 1246 3948 cst.

200 3973 290 4038 dcam,
304 3977 428 4043 Procrin,
440 3975 592 4048 Eriphylen.
604 3979 700 4048 Repre.
749 3981 846 4032 Prseter
857 3977 918 4030 illos
930 3990 1018 4030 tamen
1031 3995 1196 4048 apponemus
1209 3976 1249 4026 lo-

200 4051 322 4110 ltondunt
341 4055 449 4108 tandem
468 4069 574 4127 poetam
587 4058 615 4110 in
631 4057 700 4123 hoe,
749 4056 889 4112 oasnltem
902 4056 1020 4110 classica.
1034 4057 1072 4108 De
1086 4051 1211 4108 Procride
1223 4072 1247 4104 v.

204 4133 279 4205 quoa
296 4132 443 4206 inempta
460 4136 702 4210 augentianum
749 4140 815 4196 uei.
837 4139 885 4193 vu
905 4137 955 4192 sus
978 4139 998 4192 ι.
1017 4138 1057 4192 os
1078 4133 1203 4208 sapim
1223 4151 1247 4185 v.
