2968 4696
256 369 320 450 eut
504 367 792 432 evincunt
817 369 1049 438 nunonis

255 491 445 578 Insequitur
456 489 588 556 nimbus
600 489 765 579 peditum,
778 491 983 583 clipeataque
996 497 1073 560 totis

254 597 392 684 Agmina
404 595 586 662 densentur
597 598 735 685 campis,
750 599 934 687 Argivaque
947 599 1069 688 pubet,

253 705 483 792 Auruncaeque
495 725 627 782 munus,
641 703 768 781 Rutuli,
783 719 978 793 veteresque
990 707 1120 786 Sicani,
1259 725 1307 784 79⁵

254 809 296 872 Et
307 808 453 874 Sucrunae
465 808 565 886 ccicc,
579 823 612 872 et
623 808 703 896 picti
715 824 806 874 scuta
821 807 953 873 Labici:

253 915 318 996 Qui
330 912 445 994 saltus,
458 913 630 993 Tiberine,
644 930 733 993 tuoe,
747 936 943 1004 sacrumque
956 917 1089 981 Numici

251 1021 346 1087 Litus
358 1037 464 1098 amnt,
479 1019 686 1109 Rutulosque
699 1037 853 1084 exercent
863 1041 998 1086 vomere
1010 1020 1116 1100 collis,

254 1126 479 1215 Circaeumque
488 1127 621 1215 jugum3
635 1127 708 1216 quis
720 1127 852 1214 Jupiter
863 1129 1014 1194 Anxurus
1026 1128 1113 1192 urvis

285 1313 336 1376 793.
353 1312 425 1377 piiutu
441 1313 550 1360 nonnulli
568 1331 606 1378 ap.
620 1313 735 1361 Cerdam:
750 1331 778 1362 cx
795 1315 843 1360 AEn.
859 1315 913 1370 llll,
935 1329 974 1360 ιιι
990 1314 1105 1379 pilataque
1115 1311 1188 1379 plenu
1201 1315 1304 1382 Aqmtiu

251 1401 276 1433 se
281 1387 387 1450 fundunt
400 1390 478 1450 poru's.
490 1411 522 1422 -
532 1385 585 1449 794.
605 1387 729 1433 domentur
739 1387 818 1434 lieint.
839 1402 866 1432 es
885 1385 972 1433 Medic.
986 1386 1093 1450 aliisque.
1112 1386 1225 1434 Defendit
1239 1404 1305 1451 quo-

252 1475 299 1521 que
315 1453 379 1504 Serv.
397 1459 460 1504 coui.
472 1474 524 1521 sup.
542 1458 571 1503 ad
587 1461 629 1504 Ge.
642 1459 664 1514 l,
684 1459 736 1517 248.
753 1456 808 1519 4¹9·
818 1457 863 1504 Alii
872 1458 1004 1504 demonum
1017 1458 1143 1504 variabant
1155 1461 1226 1505 Pierii
1238 1476 1303 1522 quo-

253 1543 300 1590 que
310 1527 380 1573 codd.
392 1553 423 1564 -·
434 1529 488 1590 795.
499 1531 613 1574 Asruncoe
621 1529 663 1574 Ge.
676 1529 777 1575 fabricii
789 1528 876 1584 codex,
888 1541 911 1574 et
926 1531 959 1575 sit
971 1526 1011 1575 ille
1028 1528 1065 1575 vel
1075 1527 1176 1574 Arum
1187 1532 1303 1592 scriptum

253 1597 353 1642 malebat
358 1615 366 1653 ;
379 1611 459 1644 vetere
469 1613 541 1645 more.
552 1600 606 1644 Mos
618 1597 690 1644 Siculi
698 1607 827 1662 ueteresque
835 1598 912 1643 Sicani
918 1601 983 1644 Serv.
993 1597 1028 1642 Ad
1039 1599 1049 1642 l
1061 1599 1111 1642 Eu.
1126 1613 1138 1643 s
1149 1597 1241 1653 laudm
1251 1613 1303 1644 me·

252 1671 343 1723 morie,
357 1679 382 1714 ut
391 1667 457 1714 credi
467 1685 510 1732 ριν
522 1681 568 1726 est,
581 1673 645 1717 vitio.
657 1669 720 1716 Male
731 1679 808 1716 tumen
820 1685 858 1716 me
867 1669 955 1718 habent
962 1669 987 1715 hi
996 1667 1077 1715 Rutuli
1084 1670 1237 1733 sequentibus
1246 1685 1303 1717 moa

252 1757 275 1784 v.
288 1739 333 1801 798
346 1739 436 1786 Rutulis
447 1739 559 1787 collibus:
571 1754 597 1788 ut
609 1741 668 1787 adeo
678 1743 752 1788 Servii
771 1756 874 1788 errorem
887 1740 974 1803 cupide
989 1741 1124 1803 amplectar.
1136 1765 1168 1777 ·-
1179 1741 1232 1804 796.
1245 1741 1304 1787 San·

252 1829 315 1858 runoe
326 1825 349 1859 et
361 1813 454 1860 Sumite
471 1813 561 1877 aliqui:
574 1815 679 1859 Sutumoe
689 1815 784 1876 Mensg.
801 1829 838 1876 pr.
850 1815 966 1860 uuum
981 1813 1036 1860 edd.
1047 1813 1151 1859 Macrob.
1164 1815 1239 1860 vsu.
1260 1816 1304 1870 15,

251 1884 293 1930 ubi
301 1883 393 1932 Thuen.
407 1889 523 1932 Gaurinoe.
536 1887 582 1932 Sed
593 1889 686 1932 Gaurus
694 1887 759 1949 apud
773 1885 883 1933 Puteolos
895 1887 985 1933 alienus
1001 1887 1030 1932 ab
1042 1885 1078 1932 his
1094 1885 1159 1932 locis.
1170 1903 1192 1933 s.
1204 1887 1301 1933 Excurs.

253 1955 318 2011 Vlll,
331 1956 371 2002 ubi
382 1956 413 2003 ad
426 1958 451 2003 h.
463 1976 485 2003 r.
498 1958 554 2004 Mox
563 1956 641 2018 [obici
655 1958 748 2020 Meuag.
759 1975 794 2021 ps.
808 1957 889 2014 Liir'ct',
902 1959 974 2004 Liuici
982 1957 1052 2004 Goth.
1064 1957 1123 2003 bini.
1135 1981 1166 1994 -··
1178 1971 1230 2020 797.
1241 1959 1303 2004 Mu·

251 2029 297 2071 su'ci
304 2027 370 2073 Leid.
380 2053 412 2064 —
420 2043 474 2092 799.
485 2030 581 2076 Axur-us
589 2033 676 2076 rectius
688 2029 758 2076 scribi
768 2041 820 2092 post
829 2031 938 2075 Ursinum
948 2028 1045 2091 putabat
1054 2029 1176 2084 Heinsius,
1187 2031 1303 2091 quoniam

251 2097 284 2141 sic
296 2098 321 2141 in
332 2097 402 2144 codd.
414 2099 466 2146 sitit
476 2101 540 2158 Vlll,
558 2100 615 2157 333,
635 2113 658 2148 et
667 2102 691 2146 iu
701 2115 774 2146 numo
786 2101 862 2164 gentis
874 2099 949 2145 Vibiu
963 2113 1096 2162 expressum
1106 2097 1168 2158 (vid.
1184 2097 1300 2145 Theseus.

251 2165 344 2214 Mosell.
355 2170 456 2218 llauerk.
470 2174 516 2219 tsb.
528 2189 554 2229 s,
567 2173 596 2218 ll.
610 2173 658 2220 Nee
670 2172 818 2219 simulacrum
832 2173 897 2218 lovis
908 2173 1020 2228 Anxuris,
1040 2169 1106 2234 qnod
1115 2169 1222 2217 Guellius
1234 2169 1264 2215 ad
1273 2185 1302 2217 se

250 2241 384 2299 peruenisse
401 2255 490 2299 narret,
509 2242 574 2290 eliud
588 2259 657 2307 quam
674 2243 745 2307 liujus
763 2245 828 2290 numi
840 2244 911 2290 fuisse
924 2241 1031 2288 arbitror.
1049 2241 1125 2300 Quem
1135 2251 1212 2287 sutem
1224 2239 1303 2287 altero

251 2305 305 2353 loco
328 2324 436 2368 numum,
460 2313 563 2360 alienum
584 2316 789 2371 sJoveAuxure,
813 2312 905 2370 laudnt,
930 2313 983 2376 qui,
1006 2313 1085 2358 iovem
1106 2319 1240 2358 crescentem
1261 2327 1304 2358 ea-

250 2377 360 2434 ltiltehat,
375 2385 394 2430 is
406 2383 508 2432 Gallieni
521 2386 559 2433 vel
572 2386 676 2433 Salonini
688 2402 737 2433 esse
747 2387 843 2442 debuit;
855 2385 961 2432 diversus
973 2397 1007 2430 est
1018 2397 1116 2439 numus,
1128 2385 1195 2444 cujus
1206 2382 1306 2429 alteram

249 2448 334 2494 faciem
347 2449 426 2498 laudat
438 2470 490 2499 cum
504 2472 572 2517 capsa
584 2458 633 2502 tine
644 2471 732 2502 sessore
743 2469 766 2502 et
775 2456 853 2502 serbis
863 2472 868 2501 :
878 2457 930 2501 Jovi
939 2469 1040 2502 comem.
1050 2455 1116 2518 Δις,
1131 2455 1172 2516 qui
1188 2455 1250 2499 inter
1258 2469 1302 2498 ra·

250 2533 289 2562 ros
300 2518 412 2578 habetur,
425 2541 446 2568 ι.
457 2525 560 2572 Βιιιιίιιι.
569 2527 597 2570 Τ.
610 2527 632 2582 l,
645 2543 669 2589 p.
685 2527 740 2586 164)
751 2543 756 2573 :
771 2540 794 2573 ct
805 2528 860 2590 quia
872 2521 926 2574 Zeis
942 2519 1037 2588 'nequ
1048 2523 1125 2571 dictus
1140 2525 1171 2570 sit
1186 2521 1299 2569 inuerlt's.

250 2587 295 2632 Sed
307 2587 345 2634 illa
356 2592 494 2656 etymologia
506 2595 535 2640 tul
543 2599 745 2658 grammaticorum
752 2613 825 2661 nugat
836 2611 870 2644 cst
879 2595 1083 2658 ablegandmam
1093 2593 1203 2642 Volscum
1211 2609 1300 2640 nomeu

250 2659 331 2703 Anxur
340 2674 386 2716 esu
405 2677 466 2721 turn,
477 2665 568 2712 literam
579 2685 593 2712 n
604 2668 712 2716 excidere
724 2673 749 2715 iu
761 2671 838 2716 numis
850 2681 873 2716 et
884 2668 970 2723 titulis,
982 2665 1043 2713 nihil
1053 2668 1117 2712 novi.
1127 2666 1154 2711 ln
1166 2667 1247 2712 Greeo
1256 2667 1302 2712 Au·

250 2732 310 2790 quui
321 2745 393 2780 numo
403 2737 468 2783 iovis
479 2751 548 2801 caput
561 2755 614 2785 runt
626 2757 684 2787 voce
695 2735 807 2806 Α’γξιιρις
818 2743 921 2789 occurrit
930 2740 993 2802 apud
1005 2739 1113 2785 Golsitun
1129 2739 1241 2783 Numism.
1256 2738 1300 2783 Gr.

247 2801 344 2861 Augusti
357 2815 373 2848 t.
384 2805 425 2867 75,
439 2805 729 2867 xx11x‚muumtnbi
741 2811 849 2858 fraudem
860 2811 911 2858 lieri
927 2823 1008 2873 passus
1020 2821 1067 2866 est,
1083 2820 1124 2855 aut
1135 2808 1213 2854 iacere
1225 2806 1301 2854 voluit

249 2977 299 3031 1³⁸³
310 2964 381 3032 (111(ὶᾶ
390 2966 493 3020 Moschi
502 2969 623 3044 estldyil.
635 2973 657 3022 11
668 2989 692 3022 r.
704 2971 748 3039 43,
797 2971 903 3024 videtur
912 2972 1016 3024 fuissee
1028 2986 1090 3021 vere
1102 2985 1179 3018 sucro
1189 2980 1300 3032 nutum,

249 3041 293 3107 riq.
317 3043 419 3100 nimbus
442 3049 561 3118 peditum
587 3047 651 3114 vique
673 3053 749 3119 πιξιῖι
799 3065 845 3105 aut
865 3066 937 3105 certo
959 3051 1076 3110 numini,
1102 3049 1171 3100 forte
1194 3047 1300 3118 Magne

249 3119 324 3172 iliad·
338 3124 367 3184 i,
388 3127 439 3196 ²74
455 3141 482 3179 et
493 3129 527 3180 ul.
541 3129 639 3202 Asyiva
649 3131 748 3201 pules.-
799 3131 878 3185 deum
891 3133 983 3194 metri,
995 3139 1192 3187 consecratum
1205 3126 1302 3178 obscu-

249 3203 367 3269 pertinet
379 3205 414 3256 ad
429 3209 558 3279 originem
572 3211 656 3260 Turni
666 3223 692 3261 et
707 3227 751 3260 co-
799 3229 828 3264 ιι
840 3215 910 3265 enim
923 3213 962 3262 rei
977 3223 1017 3262 est
1029 3209 1164 3260 memorio.
1178 3207 1300 3258 Sacrum·

250 3279 328 3336 lonos
340 3287 466 3356 Argivos,
482 3290 528 3358 qni
538 3307 598 3340 rum
611 3290 702 3341 Danae
715 3288 750 3340 ud
799 3309 850 3363 que
867 3290 978 3341 Numici
996 3289 1089 3340 Litus:
1111 3288 1220 3357 proprie
1242 3287 1300 3355 ipse

250 3366 352 3418 ltaliam
365 3381 507 3430 venereum
520 3387 545 3420 v.
559 3369 621 3421 Exc.
633 3370 687 3420 Vll.
698 3370 752 3421 Att-
801 3372 938 3423 Numicius
952 3366 1300 3432 amnietucer,iier.Anxur

249 3445 329 3496 runci
339 3445 365 3497 h.
380 3447 397 3498 l.
408 3460 470 3498 tunt
481 3449 526 3518 qui
537 3449 575 3499 cis
585 3449 665 3500 Lirim
676 3446 752 3499 halsi-
801 3449 959 3501 Volscorum
972 3450 1079 3500 nomine
1093 3449 1198 3518 Jupiter
1209 3445 1300 3516 appel·

250 3525 352 3578 tabunt.
362 3527 415 3578 vid.
426 3528 534 3579 Euctus.
544 3528 677 3580 Vllludv.
688 3527 748 3598 723.
801 3528 885 3594 latus,
905 3529 983 3599 pueri
1005 3528 1091 3580 formu
1109 3529 1136 3578 in
1157 3527 1244 3577 nuruis
1256 3543 1301 3576 oc·

249 3605 371 3670 Sicanos,
383 3609 430 3658 int.
448 3607 574 3678 reliqnius
585 3625 615 3659 es
628 3609 674 3674 iis,
693 3623 750 3676 qnae
799 3611 893 3670 curs-iu
910 3620 940 3658 ut
955 3605 1022 3658 adeo
1042 3625 1101 3657 curn
1114 3607 1213 3673 Vejove
1228 3621 1300 3654 com·

249 3685 284 3734 nd
300 3687 417 3738 Tiberim
434 3689 462 3738 in
481 3688 639 3740 Rutulorum
652 3687 750 3739 finibus
798 3690 889 3757 peruri
901 3687 999 3758 possit,
1012 3684 1045 3735 de
1058 3701 1112 3754 quo
1129 3682 1207 3736 Ovid.
1227 3683 1297 3734 Fnst.

252 3766 553 3820 consedissesidentur:
567 3767 612 3820 lib.
625 3766 746 3835 Xi,3t7.
797 3767 849 3833 111,
871 3767 922 3836 437
945 3781 984 3835 tq.
1007 3761 1081 3815 ldens
1102 3763 1162 3814 urbi
1183 3762 1299 3828 Anxuri,

250 3845 321 3895 coni.
344 3845 452 3898 Excute.
469 3847 528 3900 Vlll
550 3847 585 3898 ed
605 3865 629 3898 v.
651 3847 702 3917 783
723 3857 750 3898 et
798 3863 860 3898 mox
881 3845 1047 3908 Terracinae,
1071 3861 1169 3894 nomen
1192 3839 1298 3892 dedisse

250 3922 357 3974 Euctus.
376 3926 400 3974 li
415 3925 449 3976 nd
468 3925 513 3978 lib.
534 3925 602 3976 Vlll.
624 3925 751 3977 Sacranas
799 3924 919 3976 ridetur:
932 3926 1008 3993 cnjus
1021 3922 1119 3994 egerh.
1131 3921 1149 3972 l.
1161 3937 1298 3992 pererra,

250 4005 360 4055 arietet
378 4003 482 4075 reliqna
500 4003 553 4056 vid.
568 4007 595 4056 in
613 4004 673 4057 eod.
686 4005 749 4055 Exc.
799 4004 872 4076 queis
891 4005 1000 4076 Jupiter
1019 4003 1143 4054 Ansunts
1161 3999 1298 4072 putida,

250 4088 318 4140 vlit
341 4085 450 4138 Sacrani
475 4083 630 4137 Ardeatium
655 4101 749 4154 agmen
800 4083 961 4137 declaretur.
975 4080 1016 4136 Ad
1032 4083 1137 4136 tertium
1156 4078 1219 4133 iude
1235 4078 1300 4148 ispi·
