2996 4694
272 377 314 443 52
518 377 553 441 P.
576 376 805 443 VIRGlLll
827 381 1059 449 MARONIS

272 501 360 562 Tum
372 493 505 586 rapidus
513 497 709 588 jamdudum
722 525 800 567 utcu
809 521 965 569 contenta
977 523 1090 593 parato

272 605 353 668 Tela
365 622 495 682 tenenS,
509 605 642 670 fratrem
655 609 814 695 Eurytion
827 609 860 673 in
873 627 947 674 vota
960 613 1101 691 vocavit,

272 716 346 778 Jnm
357 735 461 777 vocuo
473 712 579 776 laetnm
593 715 673 778 caelo
686 717 886 802 speculatus;
901 733 933 781 et
944 720 1003 784 alis

272 816 485 883 Plaudentem
498 819 590 905 nigra
603 819 672 906 figit
684 819 745 884 suh
758 821 847 886 nube
860 824 1056 889 columbam.

272 924 403 991 Decidit
416 926 586 1005 exanimis,
599 927 766 1017 vitamque
780 931 913 1019 reliquit
924 932 958 994 in
970 934 1063 998 astris
1094 975 1097 986 ι

173 1027 175 1034 ’
244 1015 246 1021 1
272 1031 438 1110 AEtheriis,
453 1031 616 1121 fixamque
629 1034 729 1098 refert
742 1034 874 1124 delapsa
887 1039 1045 1126 sagittam.

271 1139 396 1203 Amissa
408 1139 497 1202 solus
509 1140 617 1227 palma
627 1140 804 1226 superabat
816 1146 949 1208 Acestes
961 1167 969 1206 ε

271 1246 336 1328 Qui
349 1261 458 1309 temen
470 1245 573 1308 aerias
588 1246 691 1309 telum
703 1247 874 1313 contendit
886 1251 920 1313 in
932 1274 1040 1332 aurae,

272 1351 447 1416 Ostentans
458 1364 629 1436 artemque
640 1366 735 1437 puter
745 1375 925 1443 arcumque
938 1375 1118 1424 sonantem.

272 1557 326 1592 tert.
340 1540 449 1588 Rottcnd.
463 1557 516 1585 turn
526 1540 616 1604 aliquot
631 1543 705 1599 Pien,
721 1545 762 1590 sed
773 1561 824 1608 quae
833 1544 895 1604 etta,
912 1549 994 1598 eadem
1012 1555 1148 1616 exquisitius
1158 1565 1221 1613 eure,
1239 1561 1309 1624 seqre.

262 1615 367 1680 ‘amque
381 1611 458 1660 uolens
469 1613 624 1684 veo-sis
642 1616 698 1658 Tam
710 1616 790 1662 Franc.
802 1615 845 1664 teto
853 1635 912 1682 spec.
925 1621 1016 1684 Mensq.
1034 1640 1069 1686 pr.
1077 1623 1156 1688 jaculo
1167 1628 1212 1672 nr.
1220 1655 1251 1664 -
1259 1631 1312 1677 516.

271 1691 358 1752 myram
369 1683 473 1729 Parthas.
479 1681 535 1742 fixit
544 1682 592 1727 duo
601 1684 725 1732 Burmann.
742 1687 788 1732 Sed
799 1703 851 1733 cnm
862 1690 941 1736 studio
952 1694 1047 1738 vomant
1060 1709 1171 1759 tempora.
1186 1698 1234 1763 fiqr't
1249 1704 1313 1764 nrqse

272 1758 332 1805 Gud.
339 1780 369 1791 -
378 1754 430 1815 517.
440 1750 545 1816 relinquit
556 1763 602 1798 tres
610 1770 647 1815 up.
657 1756 735 1799 Burm.
745 1758 823 1818 finiuit
835 1757 922 1817 wall,
934 1762 1014 1809 addito
1024 1764 1073 1811 illo.
1091 1770 1114 1811 in
1125 1778 1191 1814 ustus
1199 1786 1206 1813 :
1215 1784 1312 1832 porten-

271 1840 321 1874 tose
331 1826 361 1872 ad
370 1835 473 1869 nostrum
482 1837 583 1867 sensum.
593 1823 666 1869 Aliter
675 1836 752 1872 tamen
762 1841 864 1886 veteres,
875 1843 898 1877 et
909 1847 987 1880 noster
999 1833 1135 1899 aliquoties:
1150 1857 1171 1886 r.
1188 1857 1209 1884 c.
1220 1843 1262 1898 tx,
1273 1840 1311 1904 76.

271 1895 393 1944 Schrader.
406 1891 471 1936 Olus.
489 1891 511 1946 l,
524 1890 537 1935 3
549 1907 593 1936 em.
606 1895 801 1944 inauris-518.
812 1900 886 1946 Aerit's
896 1902 934 1947 alii
948 1907 1030 1965 passim
1043 1925 1065 1952 v.
1078 1909 1138 1954 Pier.
1154 1923 1177 1956 et
1193 1911 1271 1956 lleins.
1288 1922 1313 1958 et

271 1971 304 2015 sic
314 1969 338 2012 in
347 1961 450 2009 Macrob.
460 1961 507 2016 111,
518 1960 625 2008 u-520.
638 1968 711 2010 aenos
720 1982 772 2029 post
783 1971 842 2016 Pier.
853 1971 958 2020 hocloco
967 1976 1061 2022 reduxit
1070 1978 1148 2026 lleins.
1159 1996 1187 2026 ex
1197 1983 1311 2027 vetustiss.

268 2035 338 2099 vulgo
351 2033 459 2080 oetherim.
479 2031 545 2078 eum
560 2035 673 2080 contendit
686 2037 846 2086 Pierisnorum
860 2057 1002 2108 suorumque
1017 2049 1156 2109 optimorum
1171 2053 1311 2096 auctoritate

271 2109 362 2170 recepit
376 2101 495 2159 llei'nsius;
511 2102 581 2166 vulgo
597 2105 637 2152 alit
653 2113 775 2155 contorsit:
786 2112 851 2174 quod
863 2126 886 2160 et
898 2115 1006 2162 Mediceo
1022 2121 1311 2182 superscriptum-521.

271 2177 396 2225 Ostendens
405 2177 495 2236 lingon.
507 2183 622 2240 artemque
632 2187 698 2240 peter
705 2196 827 2246 ortumque
837 2200 864 2230 ex
874 2185 960 2232 Medic.
969 2186 1066 2252 aliisque
1077 2191 1272 2251 praesnntioribus
1278 2207 1314 2238 re·

270 2253 348 2316 posuit
360 2249 481 2302 Heinsius,
494 2261 520 2292 ut
527 2250 575 2310 jorn
588 2250 678 2297 Pierius
690 2269 717 2299 ex
728 2255 831 2301 llomsno
843 2256 942 2320 aliisque
951 2261 1006 2305 suis.
1017 2260 1080 2306 ldern
1090 2263 1154 2323 Aspri
1165 2261 1313 2308 Grammatici

271 2322 431 2369 auctoritatem
444 2330 566 2374 memorat,
580 2321 687 2369 Heinsius
697 2341 751 2370 veto
762 2327 829 2372 Marii
841 2327 963 2375 Victorini.
974 2332 1002 2375 tt
1011 2331 1062 2385 olii,
1072 2333 1119 2376 sive
1129 2331 1159 2376 de
1170 2344 1243 2377 metro
1252 2330 1313 2378 male

270 2391 378 2445 solliciti,
389 2391 436 2434 sive
447 2387 535 2433 librarii
545 2405 635 2446 errore,
646 2392 684 2439 vcl
693 2405 718 2438 ut
727 2394 796 2440 Aldd.
808 2411 813 2441 ι
823 2406 894 2442 ortem
899 2402 985 2462 por-itm
993 2415 1115 2462 arcumque
1122 2434 1129 2455 ,
1136 2399 1173 2446 vel
1181 2417 1209 2446 ex
1219 2400 1311 2447 entend.

269 2463 360 2524 Egnatii
371 2467 442 2504 ortem
450 2461 578 2522 pariterque
589 2477 611 2505 a.
622 2463 679 2509 lnde
691 2463 768 2526 lapsus
780 2465 819 2512 alii
831 2481 883 2530 post
892 2469 957 2515 elios.
970 2473 1008 2515 Sic
1020 2470 1057 2516 ed.
1067 2472 1127 2516 Ven.
1138 2472 1261 2518 Ostendens
1269 2487 1312 2534 pa·

271 2538 325 2579 rt'ter
335 2539 449 2591 artemque
458 2545 591 2592 ortumque,
604 2535 678 2594 Biqot.
690 2547 712 2580 et
723 2537 803 2582 trane.
814 2549 885 2584 artem
893 2550 1015 2604 paterque3
1025 2543 1099 2603 Sprot.
1113 2558 1127 2586 a
1138 2559 1168 2586 m.
1181 2560 1216 2604 pr.
1226 2553 1312 2590 ortem-

270 2617 314 2667 que
321 2602 406 2664 ραιήες
416 2598 484 2643 Goth.
498 2612 550 2644 tert.
560 2610 675 2667 artemque
685 2613 803 2666 potentem
811 2625 847 2664 e.,·
859 2611 906 2656 liri.
917 2621 1032 2674 artemque
1042 2627 1133 2674 parens.
1146 2614 1253 2660 Ceterum
1263 2614 1313 2660 haee

270 2675 320 2734 ipsa
331 2671 429 2716 varietas
442 2665 561 2725 lectionis,
579 2683 627 2716 tunt
639 2689 717 2720 versus
730 2689 753 2721 et
769 2678 893 2726 verborum
909 2692 1035 2738 structura,
1052 2681 1220 2728 dubitationem
1234 2685 1313 2731 tacere

270 2753 358 2805 potest,
368 2754 398 2783 sn
409 2753 487 2784 versus
499 2755 512 2784 e
525 2744 628 2803 mrrqine
642 2745 775 2807 irrepserit,
787 2764 876 2810 querat
892 2767 1002 2814 quoque,
1012 2768 1065 2816 quse
1077 2763 1139 2798 tanta
1155 2768 1191 2798 ars
1200 2770 1313 2815 apparere

270 2813 342 2876 possit
352 2811 377 2855 in
387 2811 468 2870 sagitta
480 2819 567 2858 temere
578 2814 722 2860 emittenda?
733 2817 794 2863 conl.
807 2829 884 2866 tamen
894 2822 984 2867 Notans.

271 2966 325 3040 nqis
337 2964 448 3036 eriperis,
457 2969 535 3044 fuqit
553 2973 581 3024 in
594 2985 667 3026 notos
678 2985 705 3027 et
720 2996 768 3029 nu·
817 2999 901 3049 roem,
923 2985 1061 3036 invocasse
1073 2995 1151 3054 putem
1165 2982 1237 3054 quod
1249 3003 1312 3057 gro·

272 3049 341 3116 bila,
364 3049 391 3101 h.
416 3069 438 3101 e.
461 3052 489 3101 in
512 3053 596 3104 nubes
619 3073 649 3106 ec
674 3056 765 3109 celum
815 3064 872 3113 vius
889 3075 944 3128 est,
965 3065 1085 3134 quamsi
1107 3063 1163 3132 ejus
1187 3063 1313 3116 recordo-

224 3163 227 3168 ·
271 3131 397 3192 evolavitJ
412 3148 473 3180 mox
487 3132 635 3201 517idem:
650 3135 677 3186 in
693 3138 767 3189 astris
815 3143 887 3195 tione
909 3145 1027 3195 animum
1051 3141 1245 3208 confirmasset,
1265 3157 1313 3196 aut

270 3209 382 3262 oetlteriis
396 3213 528 3274 ornatius3
542 3215 591 3264 etsi
603 3216 631 3265 in
643 3234 675 3268 eo
688 3235 766 3288 argu-

271 3302 361 3342 tantur
372 3291 491 3342 Macrob.
513 3293 548 3344 lll
564 3293 616 3346 Sat.
631 3296 647 3348 8
664 3309 690 3348 et
711 3297 763 3350 elii.

270 3373 303 3424 Et
313 3391 338 3424 v.
357 3371 407 3424 525
420 3370 529 3443 liquidis
542 3375 569 3424 irs
587 3377 699 3430 nubibus
707 3417 716 3443 ,
737 3377 764 3430 h.

270 3472 294 3504 e.
310 3472 380 3504 sere.
389 3450 492 3516 Cerda,
500 3452 578 3525 fuqit
594 3467 682 3523 notos,
696 3460 765 3530 expl.

270 3533 362 3583 volatu
374 3535 457 3584 anteit
468 3546 562 3596 notos;
576 3537 648 3606 quod
661 3534 765 3590 durum.

271 3609 322 3660 Sed
329 3611 406 3682 fuqit
414 3611 521 3665 innotos
530 3627 569 3664 cst
582 3616 608 3665 in
617 3634 718 3678 nerem,
729 3618 767 3668 sic

273 3689 301 3739 in
311 3699 397 3740 ventos
407 3692 520 3757 recessit,
530 3693 610 3758 abiit,
624 3708 649 3746 et
661 3695 766 3758 similia,

271 3780 335 3818 nota
347 3779 415 3817 sunt.

308 3845 465 3914 513-519.
476 3847 580 3916 rapidus
588 3852 665 3901 llom.
676 3850 693 3900 l.
705 3871 728 3902 c.
739 3871 764 3902 v.

272 3925 324 3993 870
333 3921 497 3990 Σπῳχόμινας.
507 3929 608 3996 rapide,
617 3931 764 3983 confestim.

274 4003 301 4054 in
315 4014 373 4054 vote
386 4002 488 4053 vocavit
503 4021 526 4052 v.
541 4023 598 4076 sup.
614 4007 648 4059 ed
660 4027 684 4059 v.
699 4008 765 4075 2343

273 4083 385 4144 fratrem,
400 4079 549 4135 Pandarum
571 4095 697 4158 tanquam
726 4087 767 4141 lte·

814 3225 868 3294 ejus
895 3224 988 3276 Manes
1015 3225 1179 3289 invocasset,
1203 3236 1233 3275 ut
1260 3224 1314 3276 sibi

814 3305 925 3374 propitii
937 3317 1030 3356 essent.
1040 3303 1120 3371 Quod
1130 3304 1256 3374 Eurytion
1267 3301 1311 3354 hic

815 3383 893 3447 facit,
907 3384 1033 3436 Merionae
1045 3401 1087 3436 ars
1100 3395 1140 3434 est
1148 3401 1191 3452 sp.
1203 3383 1309 3433 Homer.

814 3461 833 3512 l.
847 3482 869 3514 c.
882 3480 907 3513 v.
921 3463 973 3532 870
986 3481 1060 3532 sqq,
1070 3463 1116 3512 ubi
1129 3473 1217 3512 tamen
1227 3464 1313 3532 impe·

816 3531 898 3584 ditior
906 3535 1037 3585 sententia
1049 3545 1096 3584 est.
1116 3532 1149 3581 At
1161 3533 1188 3582 in
1200 3534 1311 3584 Marone

816 3609 1311 3684 Eurytiondudumintenderntorcutn,

816 3709 929 3762 eumque
949 3691 983 3743 ad
1004 3692 1174 3744 emittendam
1188 3693 1311 3763 sagittam

814 3784 937 3840 paratum
949 3783 1029 3824 tenet.

850 3849 1006 3918 519-531.
1019 3851 1142 3918 Acestes,
1164 3867 1244 3921 qutun
1254 3854 1311 3921 jam

815 3945 868 3977 non
881 3927 1008 3995 haberet,
1027 3932 1053 3982 in
1074 3949 1127 4001 quo
1140 3948 1200 3981 cum
1218 3934 1311 3984 ceteris

815 4008 1004 4074 contenderet,
1018 4011 1160 4062 certamino
1170 4012 1225 4080 jam
1235 4011 1311 4062 obso-

815 4087 886 4155 luto,
909 4107 943 4143 ne
966 4103 1055 4144 temon
1078 4092 1187 4143 omnino
1209 4093 1310 4143 otiosus
