3022 4682
288 397 348 441 sm
532 371 565 434 P.
590 367 823 434 VIRGlLll
846 365 1075 436 MARONIS

281 502 323 563 Et
334 494 495 586 Thybrim
507 495 612 560 multo
624 509 832 582 spumantem
847 495 1005 581 sanguine
1017 516 1128 560 cerno.

281 607 356 668 Nou
368 603 485 668 Simois
498 601 571 680 tibi,
585 623 647 665 nec
659 598 822 678 XanthuS,
837 621 899 664 noc
912 601 1029 666 Dorica
1042 619 1145 667 castra

283 711 473 776 Defuerint:
486 709 569 772 alius
584 707 677 770 Latio
685 705 754 796 jam
767 721 879 792 partus
893 705 1049 786 Achillea,

282 819 384 882 Natus
397 833 429 879 et
441 815 511 902 ipse
524 811 595 878 dea.
609 815 677 876 Nec
689 811 827 876 Teucris
839 809 950 876 addita
961 815 1049 876 Juno
1295 843 1327 888 90

283 1015 349 1057 nisse.
361 1012 413 1056 Est:
425 1023 505 1055 vesum
518 1008 587 1053 etiam
601 1005 680 1052 volent
690 1020 737 1050 non
747 1004 845 1050 venisse.
858 1004 931 1050 Etiam
942 1004 1019 1052 volunt
1028 1005 1124 1053 Mentel.
1135 1023 1171 1070 pt·-
1180 1031 1212 1042 —
1221 1007 1259 1069 87.
1276 1023 1331 1054 oon-

283 1099 336 1128 nam
345 1083 427 1128 llloret.
440 1095 500 1136 sec„
511 1078 579 1124 male.
590 1077 665 1122 -88,
679 1078 726 1121 Noc
739 1075 762 1119 S.
775 1074 912 1120 Dorvill.·-
922 1078 959 1138 89.
967 1077 1094 1141 Desuamnt
1102 1078 1161 1124 alter
1171 1079 1261 1136 ttamb„
1273 1095 1328 1124 cum

283 1153 356 1215 glossa
363 1185 371 1207 ‚
383 1153 406 1195 ιἰι
418 1149 500 1195 labore.
511 1175 542 1184 —
553 1163 591 1208 9⁰·
602 1147 679 1192 abdita
691 1146 757 1191 multi
769 1161 806 1207 ap.
820 1146 895 1203 Pion,
907 1163 935 1192 ex
946 1163 1018 1194 more.
1034 1149 1183 1195 lleumannus
1196 1148 1251 1194 olim
1264 1151 1328 1210 conj.

283 1238 324 1268 nec
338 1224 430 1267 Teucris
440 1219 529 1280 (addit)
540 1220 617 1272 Ιιιιιο,Ι
627 1218 668 1264 sed
678 1228 796 1278 repressus
808 1213 837 1258 ab
849 1215 982 1264 But-manno
989 1218 1019 1264 ad
1030 1217 1054 1264 h.
1067 1217 1083 1264 l.
1095 1235 1116 1266 v.
1126 1219 1208 1264 Notum
1217 1231 1329 1265 nostram.

282 1385 342 1454 ipsa
361 1379 546 1434 recordatione
567 1396 624 1430 esse
646 1376 781 1429 debebat!
832 1377 863 1426 ils
876 1380 965 1446 potius
981 1376 1106 1449 exemplis
1123 1392 1178 1444 est,
1200 1399 1257 1450 quta
1279 1379 1330 1431 ‹lo-

283 1463 368 1531 -87.
375 1463 430 1530 jam
441 1461 556 1510 llomero
565 1459 735 1528 frequentata
745 1456 783 1506 rei
832 1469 926 1518 ceant,
943 1457 1078 1526 quomodo
1096 1475 1154 1509 voc.
1179 1459 1283 1512 additus
1299 1461 1329 1511 in

284 1545 372 1612 imago
385 1538 460 1592 lliad.
471 1560 499 1606 ιι,
508 1540 568 1608 3²9·
581 1539 677 1590 Dorica
687 1545 781 1599 castra,
831 1533 903 1586 hunc
915 1536 1090 1608 significatum
1108 1541 1219 1592 transite
1231 1553 1330 1610 potue-

285 1639 343 1689 sup.
364 1620 404 1682 11,
423 1618 530 1687 27‚ubi
542 1637 566 1668 v.
586 1618 649 1668 Not.
671 1617 703 1669 88
722 1633 781 1684 sqq.
831 1614 873 1663 rit.
887 1612 991 1666 Scilicet
1010 1616 1139 1667 custodem
1158 1618 1231 1680 dati,
1246 1618 1309 1670 addi
1319 1657 1331 1684 ,

283 1698 384 1751 Eadem
400 1698 580 1750 calamitatum
596 1699 675 1749 series
694 1712 783 1747 renas·
831 1709 889 1743 voc.
903 1695 1040 1764 proprium
1059 1707 1114 1756 ost;
1127 1713 1152 1744 v.
1170 1715 1192 1747 c.
1208 1698 1256 1748 inf.
1276 1699 1330 1764 tx,

285 1790 368 1830 cetur.
382 1779 417 1828 cl.
426 1777 474 1828 inl.
484 1777 519 1840 X,
530 1777 695 1840 60‚61‚62.
706 1773 784 1826 Alius
831 1771 884 1839 649
898 1773 966 1823 Tum
984 1773 1104 1824 comitem
1123 1775 1236 1828 Ascanio
1254 1787 1332 1848 pater

283 1856 417 1922 Achilles,
430 1859 535 1908 Turnus
544 1855 653 1908 Venilia
663 1857 682 1907 f.
696 1873 720 1905 v.
733 1855 781 1905 inf.
831 1851 935 1902 addidit
940 1873 949 1912 ,·
961 1866 986 1904 et
996 1855 1088 1906 Horat.
1098 1856 1141 1915 tlt,
1151 1856 1183 1907 0.
1199 1857 1231 1921 4,
1244 1875 1277 1927 79
1287 1875 1331 1908 ne-

284 1939 319 2004 X,
329 1938 370 2007 76.
379 1938 435 1990 Nec
444 1936 494 1988 hoc
502 1939 558 1988 sine
566 1949 685 1988 veterum
697 1951 783 1985 exem·
832 1931 924 2003 quitloe
933 1932 1036 1984 additus
1048 1935 1133 1986 Custos
1144 1974 1152 2000 ,
1165 1935 1268 2000 vultur,
1283 1939 1332 2007 qui

284 2018 340 2089 plo.
352 2037 377 2069 v.
391 2037 414 2068 c.
433 2017 524 2088 Eurip.
539 2015 639 2068 Troatl.
657 2015 718 2080 614.
731 2013 782 2065 615
831 2012 906 2082 Tityi·
918 2012 994 2081 jecur
1013 2013 1145 2066 observat.
1164 2015 1223 2066 Jans
1241 2027 1331 2068 autem

285 2099 344 2162 φιῦ·
367 2091 512 2164 qimaiu
530 2119 564 2152 an
581 2095 652 2156 Alae,
668 2092 697 2149 tie
714 2091 783 2152 ium,
833 2093 879 2162 qui
896 2093 1009 2146 custodes
1020 2093 1105 2144 additi
1120 2109 1197 2159 sunt,
1210 2097 1331 2166 inprimis

286 2176 384 2248 lsiospoc
393 2172 572 2246 naulicniqpt
585 2177 631 2232 oie.
645 2176 716 2228 cont.
727 2172 782 2224 Ecl.
831 2191 944 2243 peccare
957 2174 1119 2238 volentibus,
1133 2175 1212 2227 iidem
1225 2177 1331 2230 molesti

285 2261 329 2324 lv,
343 2261 376 2312 36
388 2258 514 2310 altererit
526 2269 581 2308 tttm
595 2256 784 2328 Tiphys-at·
832 2264 913 2316 sunt,
937 2253 1078 2318 difficiles,
1101 2253 1206 2323 odiosi,
1230 2258 1328 2308 infesti.

285 2357 337 2412 que
362 2339 456 2389 iterum
483 2339 518 2388 ad
545 2335 650 2408 l'rojam
674 2353 785 2406 maynus
832 2333 902 2383 Nota
921 2351 962 2384 res
978 2335 1034 2402 jam
1054 2353 1085 2385 ex
1103 2336 1220 2386 virorum
1237 2335 1331 2388 docto-

286 2419 405 2468 mittetur
414 2414 531 2467 Achilles
539 2454 548 2480 ,
561 2417 640 2466 etiam
653 2417 680 2464 in
692 2415 786 2464 vatici·
832 2429 889 2462 rum
902 2411 1136 2482 disputationibus.
1150 2415 1201 2466 Adi
1212 2415 1253 2467 vel
1267 2415 1332 2468 Ges·

287 2498 340 2546 nio.
354 2495 410 2546 Neo
427 2494 503 2545 aliter
521 2495 549 2544 in
567 2491 783 2563 praedictionibus
833 2490 1136 2545 neriThesaur.LL.l1.
1155 2513 1179 2545 v.
1192 2496 1332 2567 Virgilium

286 2587 375 2625 vatum
399 2574 592 2624 Hebraioorum
617 2570 732 2622 Davides
759 2581 784 2621 et
833 2571 950 2621 imitatus
963 2574 1038 2623 estin
1048 2574 1120 2624 vocis
1133 2591 1181 2625 usu
1198 2573 1275 2626 Silius
1288 2575 1330 2642 ll,

288 2653 333 2706 alii
346 2655 439 2704 iterum
450 2652 598 2703 excitantur
606 2663 785 2720 tauquamre·
833 2648 884 2716 595
906 2651 964 2721 opit
985 2652 1074 2703 addita
1098 2654 1220 2726 Erinnys.
1239 2655 1332 2707 Paullo

287 2733 378 2784 duces.
834 2725 910 2778 aliter
930 2743 1086 2802 comparata
1107 2747 1168 2784 sunt
1192 2735 1331 2806 exempla,

322 2829 365 2881 9⁰·
374 2811 430 2862 Nec
440 2807 545 2861 Teucris
555 2807 644 2859 addita
654 2807 726 2857 Juno
739 2807 786 2860 Us-
833 2809 860 2858 in
878 2806 974 2876 quibus
991 2809 1054 2862 addi
1065 2811 1105 2864 vel
1124 2813 1208 2865 additi
1223 2832 1272 2866 esse
1288 2813 1332 2865 tli-

287 2909 367 2965 quom
384 2890 475 2940 aberit.
493 2888 680 2958 Interpretatio
697 2886 749 2937 loci
771 2907 786 2939 a
834 2899 945 2952 cuntur,
959 2893 1004 2959 qui
1017 2908 1069 2941 non
1083 2894 1138 2944 sine
1152 2893 1274 2944 molestia
1285 2893 1333 2944 ali·

287 2969 421 3024 veteribua
440 2967 516 3019 nobis
537 2979 640 3019 servata
658 2979 704 3017 est.
728 2967 784 3018 Ma·
833 2982 886 3034 qua
898 2967 1028 3019 accedunt
1040 2967 1073 3020 ad
1086 2987 1151 3038 nos,
1165 2971 1204 3023 vol
1216 2991 1273 3043 quae
1283 2990 1332 3023 no-

288 3051 361 3104 crob.
377 3050 412 3099 Vl
429 3047 481 3100 Sat.
496 3047 604 3114 lunum
624 3065 655 3098 ex
670 3047 701 3097 iis
718 3045 783 3098 locis
833 3043 872 3095 bis
890 3049 1047 3118 contingunt
1059 3051 1170 3121 ingrata.
1184 3069 1206 3100 v.
1221 3071 1244 3101 o..
1258 3051 1332 3122 uputl

287 3149 343 3185 esse
364 3129 461 3194 docet,
481 3129 510 3179 in
534 3126 630 3198 quibus
651 3139 784 3179 vetustum
832 3125 897 3178 Stat.
911 3127 934 3177 ll
953 3126 1037 3180 Theb.
1059 3130 1111 3183 320
1132 3131 1184 3196 Et,
1207 3151 1259 3203 qua
1278 3149 1332 3183 non

287 3211 397 3264 verbum
414 3208 557 3260 servaverit
573 3219 661 3277 poeta.
676 3207 783 3269 addita,
832 3207 937 3277 pravior
960 3207 1113 3262 mortalibus
1135 3210 1223 3260 addita
1247 3229 1330 3275 cura,

288 3292 317 3343 id
325 3301 376 3355 est,
388 3285 488 3360 affixo,
509 3299 534 3339 et
543 3305 592 3357 per
604 3285 667 3350 loc,
680 3285 785 3356 infesta.
833 3285 903 3357 Spes.
925 3286 966 3339 Ad
980 3287 1032 3340 hoc
1044 3307 1126 3361 genus
1140 3289 1280 3342 referenda
1291 3291 1332 3342 lo-

287 3372 346 3423 Hoc
349 3371 408 3440 jam
423 3367 524 3418 dixerat
534 3364 653 3418 Lucilius
662 3363 706 3415 lit.
721 3365 790 3418 XIV
835 3385 883 3433 ca,
896 3385 953 3436 qum
968 3371 1084 3420 afferunt
1096 3366 1229 3420 Drakenb.
1245 3370 1278 3422 ad
1291 3369 1334 3422 si·

289 3449 328 3501 his
341 3447 466 3500 versibus.-
483 3469 493 3491 ι
506 3445 535 3497 st
552 3444 620 3496 milti
630 3463 680 3496 non
692 3456 789 3515 pttator
834 3445 899 3496 lium
911 3445 928 3496 l.
943 3465 966 3497 c.
976 3445 1092 3496 Gronov.
1104 3442 1138 3497 ad
1148 3443 1239 3500 Seuec.
1253 3453 1332 3502 llere.

287 3529 336 3581 siet
350 3527 453 3578 additus
469 3535 548 3597 atque
559 3525 641 3597 aqitet
654 3543 694 3576 me
703 3525 786 3589 ,Non
834 3525 886 3575 fur,
911 3525 975 3592 ¹²37
997 3535 1023 3575 et
1038 3523 1090 3586 al,
1113 3542 1168 3576 non
1191 3527 1224 3578 atl
1249 3533 1331 3600 prius.

286 3604 358 3657 male
369 3607 405 3657 sic
416 3603 476 3670 ille,
488 3615 518 3655 ut
528 3605 603 3669 dico,
616 3623 657 3655 me
668 3605 786 3656 extende·
834 3604 910 3655 Adde
922 3604 981 3654 Val.
1001 3603 1039 3654 tt.
1052 3605 1101 3670 vt,
1116 3606 1172 3658 181.
1192 3609 1248 3661 Nec
1268 3611 1333 3661 dum

289 3695 331 3735 rat
342 3703 427 3742 unus;
443 3707 453 3729 ι
467 3683 552 3736 Etiam
565 3681 683 3744 Servium
696 3683 786 3733 addita
834 3684 929 3748 claro,
951 3684 1045 3755 quibus
1064 3705 1114 3738 sese
1136 3689 1208 3761 Fupa
1229 3687 1333 3761 (οὐξι)

289 3764 361 3813 Juno
371 3799 379 3824 ,
391 3761 509 3814 inimica.
523 3763 569 3814 Est
579 3773 667 3814 autem
677 3762 785 3812 aurbum
835 3763 963 3815 mentitus
981 3765 1067 3817 addat.
1081 3767 1165 3820 Aliter
1178 3787 1233 3820 rem
1250 3789 1333 3840 expo·

289 3837 388 3892 Lucilii
399 3849 424 3888 et
432 3842 601 3912 antiquorum
613 3863 620 3891 .·
635 3851 663 3891 ut
675 3838 786 3892 Plautus
834 3843 891 3895 dite
902 3843 1017 3897 voluisse
1029 3847 1135 3899 videtur
1148 3849 1332 3915 Bumnannus3

290 3917 355 3971 Aut.
375 3919 437 3982 111,
458 3919 492 3982 6,
517 3921 546 3972 ι6
563 3944 574 3967 ι
588 3922 689 3994 Arpos,
708 3939 783 3991 quem
836 3925 881 3992 qui
894 3925 930 3974 ita
942 3923 1048 3976 ordinat
1057 3927 1156 3978 verba:
1171 3950 1181 3972 ι
1195 3927 1332 3979 Nectum

290 3999 423 4071 quondam
438 3999 581 4052 JoviJuno
593 4001 721 4052 custodem
737 4001 787 4052 ad·
834 4003 919 4053 aberit
952 4005 1078 4070 Tenetis,
1109 4006 1200 4057 addita
1231 4007 1333 4057 scilieet

289 4079 365 4134 elidit.
379 4101 390 4126 ι
404 4075 580 4132 sedatorum
595 4078 647 4132 hoc
660 4079 745 4134 Plauti
755 4097 786 4134 ex
835 4082 893 4136 aliis
902 4082 1035 4154 hostibus,
1042 4086 1133 4138 'l'urno
1144 4100 1169 4140 et
1179 4087 1287 4157 reliquis
1299 4107 1305 4136 t
1318 4109 1330 4134 ι
