2968 4696
308 377 372 464 ³78
665 372 930 438 excursus
953 375 983 436 v

300 501 349 550 tati
367 507 429 550 sunt
444 499 523 550 etiam
540 507 656 560 veteres,
669 508 699 547 ut
709 494 779 547 banc
792 494 976 548 difficultatem
989 495 1152 567 expedirent.
1166 497 1242 552 Talis
1255 501 1366 573 dispu·

300 577 366 626 tatio
383 573 455 645 apud
467 572 555 626 Aurcl.
574 575 709 625 Victorem
721 573 753 624 Ο.
767 572 798 623 G.
811 575 841 624 ll.
855 591 879 626 c.
897 591 905 625 t
921 573 1034 645 legitur:
1048 592 1129 644 quam
1145 576 1259 629 inanem
1277 598 1368 648 esse,

301 653 524 723 exsuperioribus
542 653 620 704 facile
636 651 800 721 intelligitur.
815 653 870 703 Nec
887 670 950 703 vero
961 654 1058 704 lanum
1071 652 1188 704 excludit
1200 656 1364 728 Virgilius,

302 732 348 784 ted
359 733 460 804 primus
471 732 537 784 nihil
548 732 620 786 aliud
630 745 683 796 est,
696 750 775 802 quam
787 733 889 803 primis,
900 731 927 784 h.
940 753 962 784 e.
977 735 1092 803 antiquis
1104 734 1288 804 temporibus,
1300 740 1365 808 pri·

302 811 490 865 mahominum
500 826 583 865 aetate.
594 811 644 864 Sed
657 813 725 862 forte
737 823 793 862 tota
805 811 850 864 illa
862 809 895 862 de
903 810 1057 878 Saturni,et
1068 811 1175 882 quidem
1185 816 1252 866 navi
1261 819 1361 881 vecti,

302 893 370 943 Jano
379 905 514 964 regnante,
525 896 552 945 in
565 893 668 944 ltaliam
679 890 803 955 adventu,
811 894 939 956 narratio,
947 891 1048 944 nullam
1059 894 1210 962 graviorem
1222 913 1360 948 canuam

304 990 335 1024 ac
349 971 462 1024 fundum
473 976 529 1026 veri
540 973 635 1036 habet,
648 990 728 1043 quam
738 971 811 1042 quod
821 974 923 1042 antiqui
936 974 1009 1025 numi
1021 972 1106 1024 altera
1114 987 1191 1043 parte
1198 977 1278 1027 navis
1292 995 1360 1028 ras-

304 1064 388 1118 trum,
400 1053 482 1106 altera
491 1056 588 1106 lanum
595 1053 738 1104 bifrontem
746 1052 895 1113 habebant,
906 1055 955 1104 etsi
962 1051 1003 1103 his
1012 1051 1045 1104 de
1053 1055 1134 1124 signis
1144 1053 1198 1107 dici
1207 1057 1253 1106 vix
1261 1069 1362 1126 potest

304 1133 475 1203 quammulta
489 1148 589 1186 veteres
600 1146 763 1206 argutentur.
776 1135 811 1184 cf.
824 1131 901 1184 ovid.
914 1135 983 1184 Fast.
997 1132 1014 1184 l.
1029 1151 1051 1184 c.
1067 1145 1093 1184 et
1101 1133 1235 1186 Plutarch.
1248 1136 1358 1203 Quaest.

302 1213 377 1263 Rom.
390 1231 417 1283 p.
432 1212 526 1282 2741).
544 1214 572 1264 E.
584 1214 676 1283 Neque
690 1211 831 1279 absimilis,
848 1214 982 1283 suspicor,
996 1214 1064 1266 ratio
1074 1211 1191 1278 induxit,
1205 1227 1234 1266 ut
1246 1217 1355 1270 Janum

303 1293 498 1363 Saturnumque
508 1295 535 1346 in
542 1297 617 1365 regni
627 1295 752 1346 societate
761 1295 856 1345 vixisse
866 1291 1001 1348 traderent
1009 1315 1015 1354 ;
1024 1291 1242 1364 quandoquidem
1254 1298 1358 1349 ricinis

306 1369 418 1422 collibus
431 1373 540 1422 nomina
553 1391 645 1424 eorum
658 1385 733 1424 eraut
742 1373 866 1442 imposita
878 1393 884 1422 :
896 1370 1053 1422 Janicuittm
1064 1371 1126 1422 ltuic
1133 1409 1143 1436 ,
1157 1369 1302 1440 iliifuerat
1310 1375 1362 1426 Se·

308 1451 397 1502 turnia
407 1471 500 1504 nomen
513 1452 558 1504 lib.
570 1455 642 1520 vltt,
653 1452 715 1506 358.

340 1531 476 1582 Secundus
490 1532 629 1584 aSaturno
641 1533 712 1604 apud
725 1545 831 1603 poetam
843 1545 963 1583 nostrum
972 1532 1050 1580 Picus
1058 1545 1223 1584 memoratur
1231 1531 1250 1583 l.
1260 1553 1285 1584 c.
1296 1536 1361 1598 Vll,

305 1608 347 1674 48.
365 1609 399 1678 49
418 1610 537 1662 Picus—
549 1611 620 1682 isque
632 1622 769 1682 parentem
783 1611 839 1674 Te,
857 1611 983 1674 Saturne,
1001 1607 1086 1678 refert.
1104 1611 1221 1662 Primum
1239 1615 1357 1666 omnino

303 1690 440 1758 sanguinis
452 1702 587 1742 auctorem
599 1709 646 1759 per
659 1693 775 1760 parentia
786 1707 878 1741 vocem
891 1706 960 1759 saepe
972 1686 1119 1752 declarari,
1133 1701 1160 1740 et
1171 1703 1251 1742 notua
1262 1705 1304 1744 est
1315 1693 1361 1744 lo·

306 1765 406 1834 quendi
422 1786 497 1833 mos,
514 1783 539 1820 et
556 1771 721 1822 Burmannus
741 1767 774 1818 ed
793 1767 819 1818 h.
841 1767 858 1817 l.
878 1769 988 1820 monuit.
1008 1768 1067 1818 Jani
1086 1769 1179 1836 utique
1198 1787 1230 1820 ex
1247 1771 1359 1824 Venilia

305 1840 402 1908 filiam,
419 1847 577 1911 Canentem,
595 1865 703 1898 uxorem
713 1845 837 1898 habuisse
851 1858 982 1898 narratur.
996 1845 1082 1898 Multa
1092 1859 1154 1898 sunt
1164 1846 1252 1899 iubae
1266 1847 1358 1902 bisto-

307 1927 352 1976 ria·
368 1928 482 1997 antiquae
499 1941 574 1998 parte
587 1930 695 1980 nomina
708 1927 741 1980 ab
758 1929 834 1980 initio
847 1927 1007 1999 symbolica,
1019 1928 1068 1978 etsi
1079 1926 1200 1980 obseura
1211 1932 1359 1986 nunciare

305 2005 541 2075 interpretationis,
551 2028 608 2080 quae
620 2011 649 2060 in
657 2011 728 2060 viros
741 2027 771 2060 ac
780 2009 893 2062 feminas
903 2007 999 2060 abiisse
1010 2005 1143 2059 videntur.
1151 2009 1234 2060 lenus
1244 2011 1357 2079 quidem

305 2086 451 2140 secundum
464 2089 529 2142 alius
544 2092 679 2154 Camesen,
694 2107 813 2142 sororem
823 2107 855 2142 ac
865 2090 1016 2160 conjugem,
1030 2087 1176 2140 secundum
1190 2089 1256 2142 alios
1269 2091 1357 2144 Veni-

308 2164 372 2216 liam
384 2168 413 2218 iu
424 2171 592 2222 matrimonio
606 2169 708 2225 habuit.
720 2171 830 2222 Cameee
842 2170 885 2220 vix
896 2168 949 2220 alia
960 2169 1012 2220 fuit
1023 2186 1103 2238 quam
1115 2167 1247 2234 Camesna
1260 2183 1288 2222 et
1303 2171 1357 2224 Ga·

307 2268 400 2316 mena,
413 2263 442 2300 ut
453 2251 608 2315 Casmillae,
621 2251 747 2304 Camillus
757 2250 794 2321 (v.
803 2251 861 2302 AEn.
874 2251 910 2301 xl
921 2287 930 2314 ,
941 2249 1000 2316 543.
1014 2248 1353 2322 ct.varrodel.1..vt.3);

307 2341 382 2381 vetus
394 2332 475 2384 ltaliae
489 2351 599 2397 numen,
613 2331 647 2383 ad
659 2330 748 2400 plures
764 2329 842 2392 deas,
858 2329 982 2380 camerae
993 2327 1094 2392 dictas,
1105 2325 1272 2390 traductum,
1286 2347 1355 2399 quas

307 2425 368 2458 cum
380 2411 462 2462 Musis
476 2409 620 2480 aliquando
633 2408 811 2462 confuderunt
822 2408 941 2459 Romani.
956 2408 1057 2458 Lucum
1064 2407 1097 2456 iis
1108 2423 1168 2456 cum
1181 2407 1256 2458 lente
1265 2407 1354 2460 Numa

309 2485 460 2540 dicaverat:
477 2487 510 2539 ad
523 2507 567 2540 eas
584 2489 653 2540 enim
668 2488 796 2557 pleraque
808 2488 928 2538 carmina
942 2502 1004 2550 sua,
1016 2483 1068 2536 hoc
1081 2484 1273 2551 astrenciam,
1286 2487 1353 2538 refe·

308 2565 384 2616 rebat
402 2565 484 2635 (Plut.
498 2569 525 2618 in
540 2569 626 2619 Numa
644 2587 668 2638 p.
682 2566 716 2620 65
727 2568 783 2638 Δ.).
801 2566 944 2619 Camesene
961 2582 1059 2618 nomen
1076 2565 1127 2616 fuit
1143 2565 1353 2634 antiquissimum

308 2646 405 2696 montis
419 2665 450 2698 ac
463 2646 533 2711 loci,
551 2649 593 2698 cui
608 2647 759 2699 ianiculum
772 2645 900 2718 oppidum
914 2647 1068 2718 impositum
1080 2656 1143 2696 erat.
1157 2644 1276 2716 Hyginus
1288 2643 1352 2697 illud

308 2740 406 2774 nomen
421 2742 435 2776 a
448 2723 556 2777 Camere
567 2725 691 2789 duxerat,
703 2727 747 2796 qui
762 2727 903 2777 cumiano
916 2743 959 2778 eas
972 2738 1055 2776 terras
1069 2723 1213 2775 tenuisset:
1230 2722 1278 2776 sed
1291 2742 1352 2775 nar·

310 2818 414 2856 raverat
428 2804 480 2858 hoc
500 2825 530 2858 ex
549 2806 640 2858 Graeco
658 2805 785 2871 homine,
804 2805 948 2858 Protarcho
961 2805 1118 2858 Trallianos
1139 2803 1210 2875 apud
1231 2805 1350 2858 Macrob-

213 2882 216 2898 '
310 2881 363 2936 Sat.
379 2886 404 2949 l,
425 2903 456 2955 73
472 2898 498 2938 at
510 2887 544 2938 cf.
559 2885 654 2938 Athen.
667 2887 731 2951 XV,
747 2887 794 2953 13,
806 2905 868 2958 pag.
883 2887 933 2955 692
946 2887 975 2938 E.
990 2884 1094 2938 Venilia
1106 2897 1193 2936 autem
1210 2885 1279 2936 inter
1289 2883 1348 2937 deas

311 2964 426 3016 marinas
442 2963 548 3016 videtur
562 2963 662 3028 fuisse,
682 2963 794 3016 confuta
813 2962 859 3014 illa
875 2978 982 3034 quoque
999 2979 1059 3014 cnm
1071 2960 1183 3014 Salacia.
1201 2959 1252 3014 Sed
1269 2961 1349 3014 Varro

312 3041 345 3094 de
360 3044 409 3094 LL.
424 3044 472 3110 1V,
493 3062 524 3098 ιο
540 3044 667 3115 disjungit
685 3062 747 3098 eas:
766 3040 886 3107 Maria,
898 3043 1033 3115 Neptuni,
1045 3063 1062 3094 a
1072 3039 1145 3105 seio,
1165 3039 1271 3096 Venilia
1283 3061 1300 3092 a
1313 3061 1351 3094 ee·

312 3125 408 3178 aiendo
421 3139 471 3178 ete.
484 3126 592 3178 Salaciae
605 3144 711 3198 quoque
724 3143 820 3178 nomen
835 3125 863 3176 ia
877 3123 948 3178 Sexti
963 3125 1082 3196 Pompeii
1094 3123 1180 3174 numia
1192 3121 1245 3193 legi
1255 3122 1350 3192 praba·

310 3203 365 3256 bile
381 3205 424 3268 lit,
443 3207 470 3258 in
489 3205 585 3276 quibus
601 3204 669 3258 SAL.
684 3205 795 3276 legitur:
816 3203 849 3257 de
865 3203 969 3258 Salacia
987 3205 1076 3274 itaque
1089 3201 1167 3254 docte
1179 3199 1351 3272 disputantem

310 3284 412 3338 videbis
423 3285 577 3340 Eclthelium
587 3287 613 3338 in
627 3287 756 3338 Doctrina
767 3303 837 3338 num.
851 3298 902 3336 vet.
913 3283 989 3336 Tem.
1001 3286 1052 3349 Vl,
1063 3303 1090 3354 p.
1106 3298 1148 3352 27.
1159 3283 1202 3334 all.

346 3365 385 3416 Ex
398 3365 449 3420 bac
463 3368 543 3436 igitur
556 3367 660 3420 Venilia
678 3380 828 3438 susceptam
841 3367 909 3417 lano
924 3364 1005 3418 liliam
1018 3366 1159 3416 Canentem
1175 3365 1202 3414 in
1221 3365 1352 3414 matrimo-

310 3448 384 3498 nium
393 3447 528 3517 ucccpiase
540 3455 663 3500 narratur
677 3448 753 3499 Picue
762 3483 778 3514 ‚¹
787 3465 811 3497 v.
828 3444 907 3497 Ovid.
920 3445 984 3498 Met.
998 3445 1074 3507 XIV,
1094 3443 1146 3496 333
1160 3459 1236 3512 sqq,
1254 3443 1299 3511 qni
1312 3461 1353 3494 cu·

310 3527 386 3597 piore
398 3526 517 3580 fabulam
528 3529 710 3599 persequitur,
723 3546 776 3598 qua
788 3545 805 3579 a
814 3525 890 3578 Circe
904 3527 932 3577 in
941 3526 1082 3578 venatione
1093 3533 1265 3593 conspectus,
1275 3539 1352 3592 mum

313 3606 369 3674 ejus
383 3623 500 3657 amorem
512 3607 670 3676 sprevisset,
687 3607 714 3656 in
724 3607 814 3675 picum
825 3617 939 3656 mutatus
951 3605 1043 3655 fertur.
1056 3599 1173 3653 Eandem
1186 3598 1305 3652 fabulam
1313 3611 1352 3652 tt-

314 3685 372 3756 tigit
383 3685 507 3758 Virgilius
519 3686 564 3738 lib.
582 3687 643 3752 Vll,
664 3687 712 3755 189
730 3703 768 3757 sq.
787 3685 866 3736 Picus
879 3715 914 3725 -
928 3701 1005 3756 quem
1022 3692 1100 3753 captu
1117 3680 1243 3752 cupidine
1259 3681 1352 3749 conjnx

312 3763 401 3816 Aurea
411 3785 560 3837 percussum
571 3766 655 3838 vir-pa,
669 3784 820 3837 versumque
829 3765 941 3829 venenis,
953 3763 1025 3816 Fecit
1039 3779 1114 3814 avent
1125 3761 1207 3824 Circe,
1214 3758 1353 3830 sparsitque

312 3840 507 3899 eolat-ilnualar.
517 3850 603 3912 Picus,
613 3846 655 3899 vel
667 3848 807 3918 picumnus
819 3847 912 3918 priscis
923 3844 995 3898 ltalia
1008 3845 1077 3896 inter
1086 3859 1175 3894 sacrae
1185 3842 1236 3894 fuit
1246 3858 1305 3892 area
1315 3841 1353 3889 in·

314 3920 459 3991 primisque
468 3929 585 3998 auguriis
592 3925 809 3998 probatus‚idem
818 3925 899 3977 Marti
907 3942 997 3978 sacer:
1008 3941 1033 3973 v.
1041 3921 1113 3976 Serv.
1124 3918 1168 3973 ad.
1177 3919 1223 3970 lib.
1232 3919 1289 3983 Vll,
1300 3933 1351 3987 ιφ

313 3998 371 4051 Nisi
379 3999 470 4070 itaque
481 4006 596 4057 nominis
608 4006 792 4077 interpretatio
804 4003 924 4057 fabulam
933 4006 1011 4057 istem
1022 4013 1129 4054 mutate
1138 4001 1231 4052 forme
1240 3997 1352 4069 peperit,

313 4091 378 4131 nata
388 4079 435 4134 illa
447 4099 503 4136 esee
518 4086 606 4154 potuit
619 4104 651 4140 ex
662 4087 773 4155 antiquo
790 4087 864 4158 signo
879 4084 983 4156 juvenis
1000 4101 1061 4136 cum
1071 4083 1133 4153 pico
1145 4081 1174 4132 in
1185 4079 1283 4150 capite.
1294 4075 1354 4130 Tele
