2996 4694
450 376 684 442 nustnos
707 375 859 438 trusa
881 375 922 436 v.
1163 401 1204 466 79

215 507 256 569 At
267 506 380 568 Venus
391 503 518 568 interea
529 503 719 588 Neptunum
731 499 870 563 exercita
882 499 967 564 curis

171 607 383 698 Adloquitur,
397 607 536 696 talisque
548 605 690 670 effundit
702 619 836 693 pectore
848 619 1001 693 questus:
1161 621 1206 682 7⁸⁰

175 743 188 772 a
199 715 338 778 lunonis
351 713 456 801 gravis
467 713 527 791 ira,
541 736 602 778 nec
615 711 829 776 exsaturabile
841 727 970 798 pectus,

172 821 302 910 qogunt
314 843 380 898 me,
394 821 560 907 Neptune,
574 839 689 905 preces
702 813 904 882 descendere
916 817 949 879 in
962 815 1087 881 omnis:

173 926 278 1005 Quam
292 948 352 990 nec
364 925 461 1012 longa
473 923 558 1004 dies,
571 924 676 1011 pietas
688 943 749 985 nec
762 922 888 1008 mitigat
900 921 981 1000 ulla,

173 1032 243 1094 Nec
254 1031 344 1094 lovis
357 1031 495 1117 imperio
509 1029 625 1092 fatisve
638 1028 775 1092 infracta
787 1027 936 1114 quiescit.

174 1137 250 1200 Non
261 1133 369 1198 media
382 1133 423 1199 de
437 1151 533 1221 gente
546 1133 712 1220 Phrygum
725 1128 871 1196 exedisse
883 1130 1034 1194 nefandis
1167 1149 1210 1209 785

175 1240 301 1305 Urbem
314 1239 398 1304 odiis
411 1240 487 1304 satis
500 1253 562 1317 est,
576 1247 640 1302 nec'
650 1259 781 1326 poenarn
793 1253 881 1300 traxe
893 1258 1098 1324 peromnem

176 1406 254 1436 maun.
264 1398 355 1434 verusne
363 1389 471 1434 llottcnd.
481 1404 527 1435 sec.
537 1387 606 1434 Gotb.
616 1403 675 1442 see,
686 1399 711 1432 ut
721 1384 776 1433 alibi
785 1402 887 1449 quoque.
894 1411 925 1421 —-
932 1385 984 1449 78ο.
994 1387 1128 1450 effitdr'ttrcs
1135 1391 1212 1436 Buris.

175 1478 199 1525 p.
211 1476 273 1506 voces
282 1459 369 1505 Zulicb.
380 1475 433 1504 curn
443 1458 512 1504 Goth.
522 1473 582 1512 sec,
592 1456 653 1506 taciti
664 1457 738 1520 lapsu.
745 1481 777 1492 ·-
786 1457 838 1517 781.
849 1471 889 1502 nee
897 1457 1047 1502 esssurmbs'le
1056 1459 1134 1504 lleins.
1144 1475 1214 1522 repo·

177 1534 222 1578 suit
236 1547 263 1576 cx
278 1530 362 1576 Medic.
377 1533 507 1592 ceterisque
519 1528 639 1584 omnibus,
651 1531 720 1574 etiam
734 1529 856 1584 Pierianis,
868 1531 908 1592 qui
920 1528 957 1576 vel
969 1533 1009 1574 n'ec
1023 1529 1060 1576 sel
1071 1545 1142 1594 neque
1152 1545 1215 1586 ess..

176 1619 224 1648 uno
236 1602 347 1648 llontalb.
360 1615 470 1664 excepto,
483 1601 601 1647 exhibent.
613 1615 654 1646 nec
670 1597 814 1645 r'nsotumlu'le
829 1601 889 1647 ven.
901 1601 978 1663 vnlqg.
994 1610 1018 1647 et
1034 1602 1213 1648 doexsutumbr'le.

175 1672 287 1734 Displicet
298 1689 353 1718 vero
362 1683 440 1736 pectus
455 1685 507 1736 post
518 1679 614 1734 pectore.
629 1673 666 1716 Jo.
681 1669 803 1716 Schrader.
818 1673 879 1733 conj.
891 1687 980 1718 numeru
991 1696 1023 1706 —
1034 1671 1086 1734 782.
1098 1673 1129 1718 ad
1138 1687 1214 1720 omnes

175 1757 305 1806 expressum
318 1746 341 1789 in
349 1741 536 1805 Servio-784.
542 1741 645 1806 fatisque
656 1743 722 1786 lloro.
732 1742 817 1788 Medic.
830 1759 883 1789 tum
892 1741 954 1798 aliis,
968 1755 990 1790 et
1002 1746 1035 1790 sic
1044 1746 1155 1807 majorem
1167 1747 1214 1792 sisu

175 1815 250 1860 inesse
260 1815 348 1860 Pierius
358 1816 474 1861 censebat.
477 1814 580 1876 ¹festisque
590 1815 670 1857 insuta
680 1828 715 1874 pr.
726 1811 823 1858 blentcl.
830 1829 874 1876 pro
884 1830 931 1860 var.
942 1812 995 1859 lert.
1007 1837 1036 1848 -
1045 1813 1097 1875 785.
1107 1815 1216 1860 excidisse

176 1883 257 1944 fragm.
267 1885 342 1930 vatic.
352 1901 405 1930 cum
415 1903 450 1948 pr.
460 1886 544 1930 Mores.
555 1901 567 1928 a
577 1899 607 1928 m.
621 1898 666 1928 sec.
680 1894 703 1927 et
713 1898 749 1944 ps.
760 1883 869 1930 Rottend.
882 1900 907 1928 ac
917 1883 1021 1928 Parrbas.
1029 1899 1036 1938 ;
1045 1883 1090 1930 boe
1099 1885 1158 1929 forte
1169 1899 1216 1930 ma·

177 1956 211 2014 gis
223 1953 310 2016 placet,
322 1957 377 2017 quia
388 1958 519 2018 potentius,
529 1954 639 2016 idemque
649 1955 762 1998 usitatius.
773 1953 877 1999 Alterum
886 1967 962 2000 tamen
970 1953 1082 1999 librorum
1093 1955 1217 2000 auctoritas

178 2023 486 2087 delendit;lrabendumque
499 2024 558 2070 adeo
569 2039 619 2068 soc.
633 2023 782 2084 exquisitius,
796 2027 838 2069 etsi
851 2025 927 2069 minus
936 2037 1033 2084 gratnm.
1044 2025 1078 2068 Au
1088 2036 1155 2085 poeta
1165 2038 1217 2070 res·

179 2095 243 2155 pexit
255 2092 315 2138 illud
326 2095 473 2141 Homericum
482 2090 596 2157 Rthddots
608 2090 710 2154 Πρίαμον
720 2107 755 2154 sq-
766 2093 796 2139 tle
807 2096 907 2140 lunonis
916 2095 976 2140 odiis
985 2093 1050 2138 iliad.
1061 2101 1093 2148 Δ,
1104 2094 1132 2150 Sl
1143 2111 1177 2156 sq.
1186 2119 1218 2130 -

181 2163 234 2226 786.
247 2179 286 2209 noc
295 2180 318 2227 p.
331 2173 394 2210 vose
404 2181 445 2226 per
455 2183 476 2211 o.
488 2165 552 2210 llanc
565 2180 593 2210 es
605 2163 671 2208 nom.
684 2173 707 2207 et
720 2161 808 2224 aliquot
819 2164 870 2209 aliis
882 2165 950 2210 codd.
963 2166 1074 2210 limatam
1085 2181 1096 2209 a
1108 2165 1185 2210 Pierio
1197 2175 1221 2210 ct

181 2249 194 2278 a
207 2235 249 2280 Ge.
260 2235 365 2280 Fabricio
377 2235 502 2282 lectionem
511 2235 619 2280 llcinsius
629 2233 712 2278 merito
724 2235 827 2278 retinuit
838 2233 914 2294 Vulgo
927 2244 1032 2289 traxisse,
1045 2247 1070 2279 ut
1080 2236 1104 2278 in
1113 2233 1220 2278 Medicco

182 2321 299 2368 quoquea
312 2323 347 2369 pr.
359 2323 390 2352 m.
401 2309 505 2370 Cumque
518 2309 549 2352 ita
560 2319 638 2351 versus
650 2303 779 2360 laboraret,
791 2320 830 2350 nec
842 2308 963 2362 omissum,
974 2305 1013 2352 alii
1026 2308 1050 2350 in
1061 2305 1131 2350 alium
1143 2305 1221 2350 locum

183 2375 367 2437 adscripserunt3
381 2377 485 2422 Parrbas.
500 2375 577 2423 omisit
586 2383 637 2420 est:
649 2373 696 2419 duo
711 2375 779 2419 ctiam
794 2379 911 2432 uunsuse,
923 2392 981 2422 uota
995 2374 1134 2438 corruptela.
1146 2391 1185 2420 nce
1195 2392 1219 2437 p.

183 2449 345 2510 exusseSprot.
358 2449 530 2510 ress'ssePuget.
538 2449 646 2494 Ceterum
654 2443 762 2490 scribitur
770 2455 845 2502 truxc,
858 2457 945 2504 trusse,
958 2457 1040 2504 nosse5
1052 2447 1131 2508 fragm.
1144 2447 1219 2492 Vatic.

184 2527 284 2574 mm,
299 2519 433 2564 etobducto
442 2533 465 2563 re
474 2533 588 2582 superscr.
600 2519 650 2563 isse.
661 2516 725 2559 luter
734 2514 787 2561 edd.
793 2551 801 2574 ,
811 2517 879 2564 Aldd.
889 2535 924 2582 pr.
940 2527 1010 2564 trasse
1024 2517 1152 2573 habebant3
1165 2532 1217 2562 curn

184 2650 301 2703 tenebis:
314 2655 435 2704 estenim
447 2652 573 2704 classicus
586 2651 613 2702 in
624 2649 677 2701 boc
726 2649 818 2704 durior
836 2671 893 2724 sqq.
916 2653 974 2723 783.
996 2653 1054 2722 784.
1075 2669 1172 2718 versa,
1191 2651 1219 2702 in

183 2747 318 2783 sacrorum
329 2751 411 2784 more.
423 2731 550 2796 Porricit,
563 2730 677 2780 vidimus
726 2732 842 2802 pedestri
854 2736 974 2786 oratione
997 2735 1039 2783 vix
1059 2731 1220 2794 tolerabilis,

181 2809 305 2882 J'amsnp.
317 2831 342 2862 v.
358 2813 421 2876 238,
434 2833 448 2863 e
459 2811 583 2864 Cleanthi
595 2811 676 2860 votis:
727 2814 829 2882 epicam
847 2817 1003 2885 gravitatem
1015 2811 1104 2864 babet.
1115 2841 1149 2850 --
1160 2809 1219 2879 783.

184 2887 305 2960 Extaque
322 2889 399 2943 salsos
414 2890 557 2960 porriciam
571 2889 598 2940 in
609 2888 679 2964 flue·
725 2891 808 2962 pietas
819 2911 856 2944 sc.
869 2894 956 2944 AEnoas
968 2894 995 2942 in
1007 2890 1053 2942 illu
1070 2889 1221 2961 placanda,

185 2974 241 3029 tus,
254 2968 347 3019 vocab.
360 2986 464 3019 sacrum
483 2987 514 3020 ac
531 2969 677 3038 proprium.
727 2987 752 3020 v.
765 2990 788 3023 c.
808 2990 866 3042 sup.
886 2974 935 3038 111,
953 2973 1012 3040 547-
1027 2989 1073 3022 nec
1086 2969 1222 3020 illo—in·

222 3060 273 3112 779
286 3062 344 3115 sqq.
357 3043 436 3110 Quod
446 3048 473 3096 in
482 3046 611 3097 historica
622 3063 681 3096 nar·
723 3049 813 3119 fracta
835 3051 960 3123 quiescit,
985 3061 1076 3100 ornate
1095 3066 1160 3118 pro,
1183 3047 1223 3096 in-

188 3124 290 3174 ratione
313 3124 467 3193 simpliciter
490 3125 628 3177 extuleris:
642 3143 682 3176 se·
729 3130 866 3202 mingitur,
877 3129 1001 3193 flectitur,
1014 3127 1087 3194 fatis,
1098 3144 1179 3197 quum
1191 3143 1224 3176 ea

188 3201 277 3255 cundo
301 3215 380 3252 vento
403 3205 500 3256 Cumas
527 3203 683 3256 deferuntur·
730 3209 833 3274 videat,
853 3212 909 3262 fata
931 3229 946 3261 a
965 3227 993 3260 se
1015 3207 1150 3259 interverti
1169 3221 1224 3255 non

188 3283 297 3352 Trojani
308 3303 314 3331 ι
327 3282 354 3334 id
367 3299 438 3332 nunc
449 3295 530 3352 poeta
541 3281 602 3334 inde
618 3281 652 3334 sd
663 3284 682 3332 f.
732 3303 817 3354 posse.
831 3289 864 3338 cl.
875 3289 937 3352 Xll,
949 3287 999 3357 793
1010 3303 1068 3356 sqq.
1081 3284 1128 3334 ubi
1137 3301 1161 3333 v.
1173 3285 1226 3336 800

189 3361 251 3414 libri
267 3377 343 3415 ornat
363 3361 474 3416 deornm
494 3361 684 3414 interventibus
733 3364 919 3439 cstinflecten.

190 3459 222 3492 ac
241 3442 371 3504 consiliis;
392 3441 488 3513 quibus
508 3453 613 3511 tempus
633 3439 685 3492 hoc
769 3444 819 3510 785
838 3473 871 3482 -
889 3444 947 3513 788.
975 3443 1064 3492 urbem
1085 3439 1170 3491 media
1194 3441 1227 3493 dc

189 3531 264 3570 tanto
276 3522 359 3592 magis
376 3539 446 3572 nunc
467 3519 617 3591 indigebat,
630 3537 683 3589 quo
730 3531 808 3594 pente
817 3519 952 3592 Plryqnm
960 3559 969 3585 ,
979 3519 1066 3571 medis
1074 3537 1105 3571 ex
1112 3519 1225 3588 Troade,

190 3601 277 3650 minus
287 3599 353 3651 alias
364 3601 474 3674 intelligi
483 3602 626 3672 potuisset,
637 3619 685 3652 cur
732 3599 857 3665 exedisse,
881 3601 1042 3664 confecisse,
1064 3598 1225 3670 perdidisse,

189 3679 261 3730 luno
272 3677 372 3730 nullom
384 3697 478 3732 novans
493 3699 564 3733 nunc
582 3699 684 3732 moram
733 3680 873 3742 excidisse
888 3679 954 3732 nibil
964 3679 1085 3751 amplius.
1099 3679 1151 3732 Cur
1163 3699 1225 3734 vero

192 3759 311 3810 secessui
323 3759 350 3809 in
363 3758 463 3810 ltaliam
475 3762 602 3830 injecerit.
733 3761 846 3820 mediam
856 3771 977 3833 pentem,
995 3761 1088 3834 vulgus
1109 3760 1134 3812 b.
1155 3763 1173 3814 l.
1194 3781 1226 3816 oc

228 3837 395 3907 780-784.
429 3837 548 3908 effundit
581 3853 684 3912 pectore
732 3842 810 3894 vilem
820 3841 1225 3914 plebeminterprctcturllnrm.,

192 3926 302 3988 questus.
315 3918 435 3970 Enniana
446 3919 570 3973 formula.
582 3920 622 3971 Ad
633 3923 681 3991 781
733 3921 1226 3996 nonassequor.llellr'qus'as,Trojanos

193 4010 350 4066 comparant
359 3997 462 4049 Gallim.
473 3999 500 4048 in
510 3998 566 4049 Del.
584 4002 631 4052 106
643 4019 683 4072 sq.
733 4001 799 4053 urbe
812 4015 890 4074 capta
902 4004 1070 4074 superstites,
1090 4013 1160 4054 traxe
1179 4018 1228 4074 per

195 4090 260 4142 aar,
271 4077 361 4130 nescio
376 4095 457 4148 quous
467 4077 544 4133 bene.
556 4080 684 4136 Junetura
734 4099 821 4135 omnes
833 4101 939 4156 ponas,
959 4083 1081 4140 omnibus
1094 4083 1228 4135 calamita·
