3022 4682
304 351 346 437 94
642 344 910 436 exeussus
934 347 996 410 111
1037 357 1041 366 ·

302 483 369 524 tates
378 469 426 522 bas
437 467 588 523 fabularum
600 466 741 532 dooere,a
758 472 843 540 poetis
856 471 976 541 pluribus
991 469 1101 524 eandem
1116 473 1234 526 fabulam
1249 474 1332 528 fuisse

302 561 456 640 tractatam,
476 547 595 639 adeoque
611 545 737 619 Virgilio,
751 548 904 600 doctissimo
923 562 1021 622 poetae,
1038 568 1092 602 noa
1112 549 1245 618 defuisse,
1266 551 1337 604 unde

303 641 441 682 materiam
451 645 574 681 carminis
584 639 707 680 sumeret.
758 641 764 658 ·

581 877 943 968 EXCURSUS
977 881 1061 968 IV.

491 1052 529 1120 V
522 1055 596 1117 estis
607 1077 680 1117 eum
691 1067 788 1139 raptu
800 1049 1006 1142 Ganymedis
1020 1055 1153 1118 intexto.

339 1187 1167 1262 V,250-257.Taliumvestium,arteinprimisBabploniorum
1175 1201 1200 1241 et
1208 1189 1341 1262 Phrygum

304 1279 508 1334 celebratarum,
517 1290 576 1322 eum
592 1266 655 1338 (rien
668 1266 837 1332 irvaarpinn,
851 1271 954 1320 intextis
966 1268 1056 1340 liguris
1065 1289 1095 1322 ar
1103 1271 1194 1340 signis,
1202 1287 1264 1322 usus
1276 1272 1340 1323 olim

303 1363 429 1427 frequens
442 1369 498 1404 etse
512 1347 612 1400 debuit.
626 1347 780 1418 Exemplum
791 1349 824 1398 sit
839 1349 918 1399 vestis
930 1347 1075 1419 Sybaritica
1086 1351 1114 1399 in
1132 1349 1246 1400 Mirabil.
1257 1350 1342 1402 Audi·

302 1437 395 1492 tinnib.
404 1453 428 1486 a
438 1451 481 1502 99.
490 1432 575 1480 Poetae
588 1427 694 1498 quidem
703 1430 729 1477 in
740 1445 831 1479 earum
845 1429 1005 1498 argumentis
1013 1429 1281 1500 enarrandisoperam
1294 1449 1342 1501 po·

302 1536 366 1571 nere
386 1524 482 1566 amant.
498 1509 595 1559 Nostro
614 1520 699 1576 poetro
715 1507 816 1576 praeivit
834 1506 991 1576 Apollonius
1009 1509 1035 1572 l,
1050 1525 1096 1577 7²¹
1114 1525 1172 1579 sqq.
1193 1511 1219 1559 iu
1235 1510 1341 1563 Jasonis

304 1598 422 1660 laena,et
430 1595 465 1656 is,
476 1590 521 1659 qui
534 1589 611 1638 nimis
624 1588 748 1657 copiosus
759 1588 785 1636 in
798 1599 869 1637 veste
885 1586 935 1635 tori
944 1586 1091 1655 conjugalis
1102 1587 1221 1640 Thetidis
1232 1594 1341 1662 ejusque

305 1685 460 1751 argumento
474 1681 528 1732 est,
541 1665 635 1718 Catull.
648 1665 763 1736 Epithal.
776 1667 810 1718 50
822 1683 860 1736 sq.
870 1665 906 1715 Ex
914 1664 1057 1734 Apollonio
1070 1680 1095 1718 et
1107 1666 1158 1719 hoc
1168 1671 1270 1743 Virgilii
1280 1672 1341 1724 loco

304 1777 354 1810 sua
367 1751 560 1808 adumbrnrunt
570 1746 658 1797 Valer.
673 1745 711 1795 Fl.
725 1747 764 1808 ll,
777 1745 828 1814 409
842 1763 899 1815 sqq.
912 1743 989 1796 Silius
1002 1746 1062 1809 XV,
1075 1747 1123 1813 421
1144 1765 1202 1819 sqq.
1219 1751 1253 1802 cl.
1270 1752 1339 1818 XIV,

301 1841 353 1909 657
365 1854 422 1907 sqq.
435 1832 495 1904 (Est
504 1846 610 1900 quoque
619 1827 644 1876 iu
657 1824 790 1896 Euripidis
801 1827 864 1876 lone
874 1824 965 1890 locus,
978 1827 1024 1895 qui
1035 1823 1068 1876 de
1078 1840 1149 1880 reste
1160 1830 1231 1898 picta
1243 1833 1342 1901 accipi.

303 1937 356 1984 tur,
367 1921 394 1970 in
407 1910 505 1982 templo
515 1907 644 1978 Delphico
654 1925 678 1956 v.
690 1922 805 1976 190sqq.
816 1905 855 1956 De
867 1905 984 1958 vestibus
996 1905 1112 1976 quidem,
1122 1907 1217 1978 quibus
1226 1912 1340 1982 parietes

303 2000 407 2058 inducti
426 1996 492 2057 sint,
510 1992 553 2042 vix
572 1989 633 2039 licet
652 1988 781 2057 accipere.
796 1985 900 2038 Chorus
918 1988 1093 2056 spectantium
1110 2001 1161 2039 stat
1179 2001 1240 2042 ante
1258 1989 1342 2043 adem

303 2081 373 2155 (vid.
388 2078 455 2140 223,
469 2071 545 2142 238)
558 2068 656 2122 Saltem
672 2067 704 2120 de
718 2065 777 2119 velo
791 2064 907 2117 abducto
927 2067 954 2116 in
974 2067 1040 2117 atrio
1061 2069 1102 2139 agi
1121 2068 1264 2122 dicendum
1277 2073 1339 2132 erit;

303 2163 354 2214 etsi
363 2177 418 2212 rem
429 2151 545 2206 noudum
559 2149 622 2201 satis
633 2146 782 2218 expeditam
795 2163 851 2198 esse
863 2145 963 2206 sentio;
977 2145 1029 2196 alia
1042 2147 1111 2196 enim
1123 2146 1157 2197 ad
1169 2149 1301 2217 picturam
1313 2150 1342 2200 in

302 2241 406 2312 pariete
418 2251 467 2286 nos
481 2241 615 2283 revocant.
628 2227 713 2279 Docte
729 2224 879 2278 emendavit
892 2238 917 2276 et
930 2223 1069 2275 illustrarit
1083 2223 1171 2276 lorum
1183 2243 1268 2297 nuper
1277 2228 1343 2280 Wa-

302 2317 399 2374 lrelield
411 2318 438 2367 in
449 2309 612 2382 Trtsgoediar.
629 2307 760 2377 Dilecta.)
777 2304 905 2357 Omnibus
920 2303 974 2354 dux
988 2304 1076 2354 ‘lactus
1095 2315 1134 2355 est
1150 2305 1296 2371 Homerus,
1313 2309 1342 2358 ia

302 2398 431 2452 Laodices
447 2391 501 2444 tela
512 2389 586 2441 lliad.
607 2406 640 2451 γ,
657 2386 705 2437 125
722 2403 779 2455 sqq.
798 2383 841 2435 Ad
853 2397 950 2454 paterne
970 2382 1119 2434 celaturam
1133 2385 1233 2456 Virgilii
1251 2385 1341 2438 locum

303 2472 438 2528 transtulit
450 2469 546 2521 Statius
558 2469 569 2517 1
581 2464 664 2516 Theb.
679 2463 729 2528 548
750 2481 808 2532 sqq.
821 2462 961 2532 Virgilium
973 2463 999 2512 in
1018 2463 1121 2532 pictura
1133 2463 1269 2515 aemulatus
1284 2483 1341 2517 esse

303 2557 388 2608 fertur
400 2547 514 2602 Michael
524 2543 640 2617 Angelus
653 2544 799 2593 Bonarrota
809 2563 814 2592 ι
826 2545 901 2610 cujus
918 2542 996 2611 plura
1012 2555 1102 2593 extant
1118 2544 1275 2616 apographa
1290 2563 1341 2597 aere

303 2649 442 2704 expressa:
457 2645 514 2698 quta
524 2625 568 2676 hic
580 2640 788 2686 commemorare
797 2621 863 2672 nibil
875 2623 984 2682 attinet;
997 2634 1026 2671 ut
1036 2640 1084 2672 nec
1095 2641 1211 2692 gemmas
1223 2623 1342 2694 ejusdem

304 2710 468 2786 argumenti,
482 2723 548 2776 quas
561 2721 631 2754 nunc
641 2704 668 2753 io
678 2701 808 2773 Catalopo
818 2713 971 2772 ectyporum
984 2702 1074 2752 Tassie
1082 2717 1239 2755 memoratas
1250 2703 1340 2756 videre

302 2792 373 2844 licet.
385 2790 419 2840 Ar
434 2790 461 2838 in
475 2783 586 2856 Virgilio
597 2795 780 2853 argumentum
794 2782 902 2851 pictura
917 2779 996 2850 quale
1015 2781 1122 2832 tandem
1136 2799 1192 2834 esse
1205 2783 1342 2836 dicemus?

303 2873 391 2924 Primo
407 2867 533 2936 adspectu
550 2862 649 2932 duplex
662 2880 719 2913 esse
736 2861 840 2912 videtur
852 2884 857 2912 :
869 2861 1033 2933 Ganymedes
1050 2875 1147 2914 venatu
1165 2864 1232 2915 feras
1248 2879 1342 2934 prose·

305 2967 404 3022 qucum
416 2962 471 3000 tum
483 2944 554 2997 idem
566 2943 601 2994 ab
609 2942 698 3012 aquila
709 2954 817 3012 raptus,
829 2940 891 2992 dum
905 2942 1025 2994 sublimis
1037 2943 1064 2993 iu
1072 2961 1159 2996 aerem
1171 2945 1263 3008 fertur,
1277 2943 1343 2996 alla-

303 3029 436 3084 traatibue
448 3027 518 3078 infra
533 3023 652 3076 canibus.
666 3023 744 3074 Forte
759 3038 846 3074 tanien
859 3020 948 3076 dicere
963 3036 1083 3094 prestat:
1097 3027 1186 3095 priora
1202 3025 1289 3078 valere
1307 3023 1342 3077 ad

302 3124 426 3164 ornatum
443 3108 575 3179 poeticum
590 3116 616 3156 et
628 3121 718 3154 verum
736 3115 920 3174 argumentum
933 3123 989 3156 esso
1002 3104 1170 3171 habendum,
1185 3105 1257 3176 quod
1270 3125 1284 3158 e
1296 3124 1342 3157 re·

303 3206 384 3254 natu,
398 3207 443 3240 seu
456 3189 524 3238 inter
533 3197 676 3236 venantum
689 3196 787 3234 turmas
800 3201 867 3254 puer
880 3183 913 3234 ab
927 3184 1015 3254 aquila
1026 3197 1117 3254 raptus
1129 3186 1155 3234 in
1168 3184 1280 3238 sublime
1290 3185 1342 3236 fer-

302 3284 354 3323 tur.
368 3269 466 3320 Firmnt
473 3264 602 3334 judicium
615 3261 712 3313 Statius
724 3263 808 3314 Theb.
824 3261 911 3328 1548
925 3282 963 3334 sq.
979 3263 1051 3314 Hinc
1065 3262 1196 3334 Phrygius
1201 3262 1289 3332 fulvis
1301 3282 1342 3314 ue·

302 3361 382 3403 nator
396 3344 500 3400 tollitur·
512 3343 577 3404 alis;
593 3345 710 3414 Gatynra
727 3343 864 3402 desidunt,
879 3344 994 3415 stupenti
1007 3355 1033 3394 et
1050 3344 1127 3412 Troia
1143 3343 1249 3394 recessit.
1265 3345 1342 3395 Stant

302 3430 384 3483 musti
394 3427 512 3490 comites,
522 3425 677 3496 frustraque
688 3425 810 3476 sonantia
826 3422 917 3476 laxant
937 3425 988 3476 Ora
1006 3441 1080 3474 canes
1088 3459 1097 3486 ‚
1115 3422 1287 3496 umbramque
1298 3441 1342 3490 pe·

302 3519 362 3560 tunt
371 3518 416 3572 ,et
429 3503 520 3558 nubila
539 3501 645 3554 latrant.
663 3505 717 3555 Hae
735 3505 823 3574 specie
836 3523 866 3555 ex
884 3516 978 3554 venatu
998 3501 1067 3571 rapti
1083 3499 1261 3572 Ganymedis,
1275 3501 1341 3554 alla·

302 3599 389 3641 ttante
409 3588 479 3638 infra
499 3603 582 3647 caue,
602 3595 688 3635 statua
704 3599 742 3635 est
764 3584 835 3652 apud
854 3585 1004 3652 Hispanos,
1023 3582 1049 3630 iu
1069 3583 1141 3654 regia
1153 3581 1217 3634 villa
1233 3582 1257 3634 S.
1272 3581 1343 3633 llde·

301 3665 446 3737 phonsi(v.
461 3663 549 3716 Caimo
564 3663 636 3734 Vapo
645 3661 760 3712 [taliano
770 3663 845 3711 Tora.
859 3663 880 3712 ll
893 3681 919 3730 p.
933 3661 999 3725 141)
1009 3672 1034 3710 et
1046 3661 1214 3712 llomaealiutl
1225 3663 1340 3730 signum,

301 3746 429 3797 refectum
442 3757 467 3798 et
482 3755 579 3796 sartum
591 3761 607 3793 a
618 3741 753 3812 sculpture
765 3744 862 3793 Pacetti
875 3741 915 3810 (r.
929 3741 1059 3792 Gunttani
1072 3741 1229 3793 Munimenti
1244 3740 1340 3792 inediti

305 3824 371 3893 1786
385 3842 411 3894 p.
428 3825 483 3895 76).
497 3825 573 3875 Extat
587 3841 693 3893 quoque
705 3825 807 3894 signum
821 3836 888 3892 rapti
904 3822 937 3872 ob
953 3821 1041 3892 aquila
1054 3821 1212 3895 Ganymedis
1224 3821 1251 3871 in
1262 3821 1338 3871 Atrio

302 3899 471 3954 bibliothecae
492 3899 516 3951 S.
539 3903 622 3954 Marci
643 3903 757 3955 Venetiis
776 3901 819 3970 (v.
843 3901 949 3952 Zanetti
966 3899 1033 3952 delle
1052 3900 1157 3953 antiche
1175 3901 1264 3951 Statue
1288 3911 1336 3950 ete.

301 3983 377 4034 Tum.
391 3981 422 4031 ll.
436 3981 453 4032 l.
468 3981 509 4052 7.)
521 3981 629 4034 ductum
643 3984 710 4036 forte
723 4003 739 4036 a
749 3980 886 4032 Leocharis
900 3985 974 4053 signo
994 3983 1064 4053 apud
1084 3983 1194 4034 Plinium
1213 3978 1337 4044 xxxtv,

306 4077 351 4134 19,
367 4080 394 4117 tt
408 4059 549 4118 Leochares
560 4060 655 4135 (iecit)
664 4061 783 4137 aquilam
792 4061 943 4117 sentientem
956 4063 1022 4137 quid
1036 4063 1121 4134 rapiat
1131 4063 1159 4118 in
1172 4058 1337 4131 Ganymede,
