2968 4696
295 344 358 410 380
653 341 973 410 EXCURSUSV

292 467 389 528 fuerit,
401 466 564 537 disputatum
577 467 652 518 estin
665 468 740 518 Notis
751 467 785 518 ad
795 466 841 518 lib.
853 468 916 533 xit,
932 469 981 534 164
992 466 1058 521 Solis
1067 470 1120 521 avi.
1133 471 1190 524 Sed
1200 471 1300 525 Latini
1314 491 1374 545 ge·

290 562 340 596 nus
353 543 528 597 diversimode
541 546 667 597 traditum
681 546 749 611 luit3
765 565 814 597 nec
830 545 910 598 modo
923 565 971 617 per
982 548 1088 601 Graecos
1101 553 1277 622 scriptores,
1295 555 1369 622 jam

293 625 355 676 inde
369 625 402 676 ab
412 627 529 678 Hesiodo
539 626 638 698 Theog.
655 643 698 678 101
708 643 728 677 t.
743 626 824 694 1013,
836 638 863 678 et
871 645 886 678 a
895 628 1044 700 Telegoniae
1055 643 1165 682 auctore
1176 653 1182 682 :
1197 633 1279 684 eonl'.
1290 649 1367 702 sup.

291 704 400 756 Excurs.
411 707 446 756 lV
455 707 489 758 sid
498 708 523 758 lr.
538 708 555 758 l.
567 707 616 759 sub
628 709 662 768 f.;
673 725 764 758 verum
777 709 803 757 in
816 709 880 776 ipsis
891 708 988 760 Italicis
1001 709 1104 780 mythis.
1118 712 1249 763 Herculis
1262 711 1365 762 titium

294 799 325 833 ex
342 785 513 854 Hyperborea
527 786 617 856 puella
636 788 708 838 fuere
722 787 768 856 qui
784 797 939 849 narrarent,
960 788 998 837 uti
1015 787 1160 841 Pallantem
1178 809 1212 841 ex
1230 789 1363 841 Lavinia

292 860 410 912 Evandri
419 862 472 914 filia
480 863 514 915 ab
523 863 617 916 eodem
627 863 740 915 Hercule
752 875 903 934 susceptum
911 863 1024 916 fabulati
1034 879 1124 918 erant:
1135 867 1253 939 Dionys.
1267 868 1296 930 l,
1309 867 1362 932 43.

292 939 344 991 Alii
356 960 387 992 ex
399 941 453 994 filia
466 945 550 995 fauni
562 956 588 995 et
599 945 711 996 Hercule
722 957 813 996 natum
825 945 963 1008 Latinum,
977 963 1019 1016 ap.
1033 946 1128 998 Justin.
1141 948 1244 1012 XLlll,
1260 963 1285 996 t.
1299 943 1361 995 Sed

296 1023 405 1072 omnino
415 1021 503 1073 multis
513 1022 565 1075 hoc
577 1041 672 1075 nomen
681 1021 843 1074 celebratum
855 1023 962 1088 fabulis,
974 1041 1039 1093 quas
1050 1043 1120 1076 nunc
1129 1023 1285 1095 disponere
1295 1041 1360 1075 non

295 1113 389 1164 vacat,
404 1099 525 1171 adeoque
538 1121 587 1154 nec
605 1103 737 1174 colligere.
755 1104 812 1153 Hoc
824 1120 905 1153 unum
923 1102 1107 1153 monebimus:
1120 1120 1177 1154 esse
1193 1121 1274 1154 nunc
1292 1103 1359 1170 ejus

295 1194 392 1231 nomen
405 1183 555 1252 proprium,
570 1195 599 1235 ut
610 1184 718 1235 Latinus
730 1201 775 1234 rex
787 1185 883 1244 luerit;
898 1182 970 1252 quod
981 1182 1053 1252 apud
1063 1185 1357 1235 vetustiorescantun

297 1258 486 1328 appellativum
499 1262 579 1314 luisse
591 1263 731 1336 probabile
743 1275 798 1326 est,
808 1271 837 1322 ut
846 1279 928 1312 unum
940 1263 1056 1332 aliquem
1069 1281 1099 1314 ex
1110 1263 1217 1334 regibus
1228 1265 1357 1314 Latino-

297 1353 371 1402 rum,
389 1343 463 1410 cujus
478 1361 569 1394 verum
583 1361 679 1395 nornen
697 1344 888 1415 ignorabatur,
905 1339 1063 1412 designaret.
1078 1343 1157 1414 Apud
1171 1344 1299 1395 Servium
1314 1342 1356 1394 ad

296 1414 343 1469 lib.
356 1420 417 1486 Vll,
431 1422 480 1490 47,
498 1442 575 1494 quem
587 1423 734 1494 pleniorem
745 1421 817 1474 dedit
829 1422 914 1472 Julius
926 1421 1055 1488 Sabinus,
1068 1423 1191 1494 quinus
1202 1424 1243 1474 ait
1253 1421 1357 1494 plures

299 1497 327 1549 in
339 1500 415 1552 Latio
428 1521 496 1575 repes
508 1503 653 1575 appellatos
665 1504 774 1554 Latinos.
787 1502 873 1572 Vulgo
890 1516 977 1554 tamen
995 1516 1138 1554 narrantur
1152 1505 1239 1555 Latini
1259 1503 1298 1554 ab
1316 1521 1354 1554 en

299 1597 397 1632 nomen
410 1585 558 1653 accepisse;
576 1583 649 1653 quod
660 1585 704 1634 vix
715 1585 750 1635 ita
768 1601 795 1633 se
807 1580 906 1633 habere
918 1584 1020 1652 potuit,
1034 1601 1115 1654 quum
1127 1583 1195 1634 Latii
1211 1599 1264 1632 vox
1277 1582 1352 1632 anti·

302 1659 380 1727 quior
393 1661 451 1728 ipso
464 1680 524 1732 rege
537 1663 632 1726 fuerit,
644 1661 715 1713 unde
727 1662 812 1712 Latini
823 1661 896 1713 dicti.
910 1663 1005 1712 Mirum
1016 1675 1069 1729 est,
1082 1661 1154 1733 quod
1165 1661 1237 1733 apud
1250 1660 1351 1712 Cono-

299 1757 360 1790 nem
372 1739 476 1791 Narrat.
492 1741 508 1792 3
523 1743 654 1806 occurrit,
671 1741 716 1793 ubi
728 1741 836 1791 Latinus
850 1743 876 1791 in
889 1742 1041 1793 inferiorem
1055 1742 1171 1807 ltaliam,
1189 1741 1223 1793 ad
1238 1752 1349 1792 veteres

298 1814 468 1886 Pelasgorum
481 1818 515 1870 ab
526 1819 647 1872 OEnotro
662 1817 838 1870 adductorum
853 1819 945 1883 aedes,
961 1833 1100 1872 revocatur
1113 1819 1194 1870 liliam
1206 1818 1250 1869 ille
1266 1835 1347 1869 suain

299 1893 409 1962 asspirat
420 1893 504 1948 Locro
514 1898 618 1949 Alcinoi
628 1900 704 1950 fratri
713 1898 815 1951 ltaliam
826 1911 968 1950 extremam
980 1899 1104 1951 insidenti
1117 1897 1283 1969 despondet;
1298 1915 1347 1946 oc-

300 1972 397 2025 ciditur
404 1988 515 2046 uterque
523 1977 557 2028 ab
565 1978 678 2030 Hercula
689 1976 802 2048 bospite.
816 1977 920 2029 Scilicet
930 1981 1038 2030 omnino
1050 1979 1135 2030 Greci
1145 1974 1345 2050 mythograpbi,

301 2056 405 2124 quoties
418 2075 505 2128 regem
517 2057 602 2109 Italici
612 2057 662 2109 soli
673 2059 811 2110 nominare
823 2058 928 2121 volunt,
941 2059 1027 2110 Latini
1042 2060 1149 2110 nomine
1160 2069 1280 2108 utuntur.
1294 2057 1344 2105 Pro

301 2134 411 2200 Latino,
432 2135 466 2188 ad
479 2155 557 2208 quem
573 2139 668 2190 AEneas
684 2140 774 2204 venit,
792 2138 911 2188 Faunum
931 2137 1025 2188 Martis
1041 2139 1062 2188 f.
1080 2148 1210 2188 memorat
1226 2133 1344 2204 Appian.

301 2213 348 2268 lib.
360 2215 407 2268 lin
418 2215 540 2290 Excerpt.
554 2236 585 2270 ex
595 2217 697 2270 Plautio.
711 2219 853 2288 Antiquior
861 2219 929 2270 Latii
939 2235 983 2271 rex
996 2218 1160 2269 Dercennius
1169 2215 1204 2267 ab
1216 2215 1276 2284 ipso
1288 2213 1346 2264 Vin·

303 2296 366 2368 gilio
380 2311 600 2350 commemoratur
613 2298 660 2350 lib.
673 2299 723 2362 Xl,
736 2297 796 2351 850.
809 2297 868 2349 Sive
880 2308 967 2348 tamen
980 2296 1030 2347 fuit
1047 2297 1156 2346 Latinus
1169 2294 1281 2362 aliquis,
1298 2309 1344 2343 seu

304 2395 359 2428 non
371 2377 437 2442 fuit,
447 2377 738 2450 intelligendusutique
751 2391 790 2429 est
801 2396 846 2430 rex
858 2377 931 2428 urbis
944 2390 969 2428 et
982 2379 1067 2449 exigui
1078 2389 1177 2428 tractus
1187 2375 1344 2436 Laurentia,

305 2457 351 2525 qui
361 2467 461 2524 partem
475 2468 576 2507 tantum
588 2458 656 2509 Latii
664 2457 855 2518 constituebat;
865 2457 946 2507 totins
955 2455 1023 2507 Latii
1032 2455 1154 2508 nondum
1167 2453 1214 2506 illo
1224 2465 1344 2524 tempore

304 2547 359 2586 erat
372 2553 497 2606 regnum,
511 2555 560 2590 nec
573 2555 691 2608 unquam
700 2538 766 2603 fuir,
779 2539 830 2588 nisi
841 2539 1029 2589 Romanorum.

583 2818 946 2909 EXCURSUS
982 2820 1063 2908 VI.

346 3016 399 3081 De
412 3017 542 3082 oraculo
555 3015 666 3081 Fauni
677 3017 712 3079 in
726 3016 797 3080 lusco
811 3011 850 3078 A
851 3011 978 3078 Ibuneae
992 3016 1027 3077 in
1040 3033 1119 3101 agro
1132 3006 1310 3074 Tiburtino.

340 3179 444 3245 vl1,81
459 3196 518 3249 sqq.
531 3175 568 3229 At
577 3195 621 3228 rcx
629 3175 756 3229 sollicitus
767 3174 885 3227 monstris
897 3170 1005 3226 oraculo
1019 3170 1106 3223 Fauni
1122 3168 1235 3221 Fatidici
1247 3168 1349 3236 genito·

306 3259 425 3323 risadit,
442 3257 564 3328 lucosque
576 3255 689 3310 subalta
707 3253 824 3308 Consulit
838 3252 968 3304 Albunea.
987 3251 1151 3304 Sententiam
1169 3247 1311 3300 verborum
1321 3261 1348 3299 et
1449 3260 1453 3271 ·

306 3341 400 3392 simin
416 3339 486 3390 notis
498 3336 699 3389 declaravimus.
714 3337 744 3386 ln
757 3353 821 3407 agro
833 3333 973 3386 Tiburtino
986 3332 1021 3384 ab
1036 3329 1174 3384 occidente
1190 3328 1266 3379 lucus
1278 3339 1348 3392 erat,

307 3423 335 3472 in
347 3437 400 3490 quo
414 3436 488 3488 aquae
498 3415 613 3481 Amulae,
623 3415 759 3468 medicatas
769 3428 795 3465 et
807 3412 946 3474 soliarem
959 3430 991 3463 ex
1003 3429 1093 3463 earum
1106 3407 1225 3460 lontibus
1234 3423 1301 3457 unus
1311 3418 1348 3456 est

307 3501 429 3555 Albunea
437 3500 518 3563 ,lons
528 3509 555 3548 et
568 3495 707 3568 Nympha,
718 3496 787 3547 forte
800 3507 825 3546 et
835 3492 943 3564 Sibylla.
954 3492 988 3542 cl.
1001 3489 1036 3542 ad
1045 3487 1144 3542 Tibull.
1160 3489 1199 3552 ll,
1214 3485 1248 3548 5,
1264 3485 1349 3554 69111

307 3581 360 3634 hoc
372 3580 447 3645 luco,
461 3579 587 3631 Albuneae
603 3577 693 3641 dicto,
710 3576 848 3629 oraculum
862 3575 913 3626 luit
927 3573 1029 3624 Fauni:
1046 3569 1079 3622 (le
1093 3587 1146 3640 qno
1161 3578 1284 3619 accurate
1297 3565 1347 3636 agit

308 3673 398 3734 poeta.
412 3661 510 3711 Nostra
529 3657 616 3712 adhuc
631 3669 706 3709 etate
721 3657 858 3707 imminent
870 3654 978 3704 Anienis
997 3651 1138 3703 cataractis
1150 3649 1231 3699 ruine
1244 3644 1349 3715 templi,

310 3739 384 3810 quod
399 3738 502 3810 Sibyllae
515 3736 660 3789 Tiburtina
676 3753 732 3787 esse
749 3735 841 3786 volunt
858 3734 908 3784 viri
920 3730 1009 3797 docti,
1024 3728 1099 3781 nullo
1115 3727 1253 3799 graviore,
1271 3739 1346 3794 quam

312 3817 386 3888 quod
394 3832 483 3870 vetere
495 3820 567 3871 lama
579 3821 615 3869 ita
628 3815 754 3868 traditum
764 3827 818 3882 est,
829 3823 993 3884 argumento.
1006 3811 1063 3860 Hoc
1073 3807 1144 3861 idem
1154 3803 1280 3876 templum
1290 3821 1350 3854 non·

311 3893 378 3947 nulli
389 3913 404 3946 a
414 3909 494 3966 poeta
505 3898 620 3968 spectari
629 3909 656 3948 et
664 3894 783 3948 versibus
794 3893 836 3944 his
846 3891 962 3944 describi
974 3886 1147 3942 contendunt.
1160 3883 1274 3953 Copiose
1283 3879 1347 3931 banc

314 3973 467 4045 opinionem
480 3974 610 4026 adstruxit
621 3975 733 4046 Vulpius
747 3975 774 4025 in
787 3974 846 4024 Vet.
858 3972 950 4038 Latio,
967 3970 998 4020 T.
1010 3969 1051 4030 X,
1070 3987 1092 4022 o.
1108 3965 1133 4018 5.
1146 3961 1212 4025 Sed,
1225 3973 1253 4012 ut
1270 3958 1348 4011 solent

314 4071 346 4108 ss
355 4051 427 4107 Italis
435 4051 524 4123 multi,
535 4054 615 4109 modo
628 4056 719 4127 patrias
729 4071 781 4109 sun
790 4089 798 4121 ,
808 4051 888 4106 modo
898 4047 1069 4106 locorumvel
1078 4041 1241 4116 antiquitatis
1251 4056 1350 4106 amore,
