3022 4682
299 419 1332 474 „ma—mmm...-

587 645 950 737 EXCURSUS
986 655 1020 738 I.

501 895 607 986 Super
617 899 735 964 AEneoe
747 923 878 966 accessu
889 899 937 964 ad
947 897 1105 966 Siciliam.

286 1129 345 1216 Bis
354 1163 463 1216 AEneam
473 1160 507 1214 ad
517 1161 633 1216 Siciliam
642 1166 783 1217 accessisse
790 1176 881 1216 narrat
888 1177 978 1236 poeta,
988 1166 1104 1237 primum
1111 1181 1192 1234 quum
1201 1164 1263 1217 litus
1270 1169 1330 1220 lta-

285 1242 327 1296 lie
336 1244 468 1296 inferioris
476 1257 502 1296 et
509 1243 603 1296 sicilie
611 1245 739 1297 orientale
748 1257 935 1317 pratervectus
944 1247 1062 1316 Drepani
1072 1257 1178 1316 portum
1190 1247 1324 1312 intrasset,

284 1323 331 1374 lib.
341 1325 386 1390 ΙΙΙ,
397 1339 454 1392 707.
467 1322 528 1376 add.
538 1325 648 1396 Dionys.
657 1326 678 1389 l,
689 1323 732 1386 52;
743 1338 768 1377 et
778 1328 882 1390 iterum,
893 1344 974 1396 quum
982 1323 1141 1396 Cartbagine
1151 1337 1178 1374 et
1188 1324 1221 1374 ab
1228 1326 1324 1377 Africa

285 1401 363 1453 litore
377 1416 496 1468 evectus,
510 1417 538 1454 nt
548 1405 650 1457 ltaliam
662 1417 778 1474 peteret,
794 1405 879 1456 ventis
890 1405 1007 1456 adversis
1020 1405 1054 1456 ad
1066 1403 1159 1456 Sicilia
1171 1401 1233 1454 litus
1252 1406 1325 1455 occi·

286 1479 392 1534 dentale
419 1496 486 1534 esset
514 1488 634 1553 rejectus.
663 1484 782 1537 Tenebat
799 1498 854 1535 turn
872 1484 918 1536 illa
937 1485 997 1537 loca
1016 1485 1133 1548 Acestes,
1153 1497 1182 1536 ut
1199 1483 1327 1554 Virgilius

285 1562 390 1629 scribit,
407 1563 448 1614 vel
465 1563 585 1636 Egesta,
604 1565 727 1636 Egestus‚
741 1583 757 1615 a
778 1583 831 1636 quo
843 1564 907 1616 urbs
925 1565 1018 1636 Epesta
1027 1602 1036 1628 ‚
1049 1565 1153 1636 AEpestu
1171 1563 1212 1616 vel
1224 1563 1327 1634 Segesta

285 1641 416 1712 appellari
428 1646 507 1715 erepit
520 1643 530 1712 (
542 1665 566 1696 v.
580 1659 641 1716 post
653 1645 720 1696 alios
729 1658 753 1696 et
764 1646 942 1697 Bormannmn
959 1644 993 1696 ad
1005 1645 1134 1695 numism.
1150 1642 1200 1694 Sic.
1218 1663 1244 1713 p.
1258 1640 1324 1710 394,

283 1719 438 1774 Eclbelium
452 1726 478 1774 in
488 1725 615 1776 Doctrina
627 1726 737 1775 Numer.
749 1737 800 1774 vet.
813 1723 873 1774 Vol.
887 1725 911 1788 1,
922 1744 948 1795 p.
964 1723 1014 1788 234
1024 1724 1047 1793 );
1061 1722 1171 1794 Virgilio
1181 1723 1271 1772 Acesta
1284 1721 1324 1784 V,

285 1801 352 1868 718,
373 1802 445 1871 quod
459 1814 546 1854 tamen
560 1823 656 1856 nomen
675 1817 700 1855 et
713 1802 861 1874 Stephanus
880 1805 936 1874 Byz.
956 1803 1037 1854 habet
1055 1804 1082 1852 in
1099 1798 1206 1864 sarim.
1219 1799 1261 1851 Ab
1272 1799 1327 1851 boc
1404 1860 1408 1876 ι

284 1879 379 1932 Aceste
392 1881 486 1932 AEneas
500 1882 614 1955 benigne
630 1882 748 1952 hospitio
762 1895 885 1952 exceptus
903 1884 988 1933 socios
1006 1894 1032 1932 et
1050 1897 1130 1931 naves
1147 1879 1247 1931 reiecit.
1261 1879 1327 1929 Erae

284 1960 354 2010 enim
364 1959 407 2012 ille
417 1961 533 2030 Trojano
547 1965 674 2034 sanguine
685 1961 827 2026 oriundus,
841 1964 941 2033 quippe
954 1963 1094 2030 eTrojana
1105 1961 1217 2023 femina,
1227 1957 1260 2010 de
1271 1975 1325 2028 qua

284 2039 356 2089 varie
373 2039 499 2106 traditur,
517 2043 543 2092 in
556 2041 670 2094 Siciliam
690 2041 778 2092 delata
791 2054 817 2092 et
829 2060 844 2092 a
856 2040 967 2092 Crimisa
985 2039 1064 2090 fluvio
1087 2053 1250 2108 compressa,
1268 2053 1326 2087 sus·

285 2130 393 2188 ceptus:
415 2139 439 2170 v.
463 2119 498 2184 V,
516 2121 563 2184 38,
578 2119 611 2192 39
632 2119 709 2191 ijo
726 2119 832 2171 Crimisa
851 2129 1003 2191 conceptum
1014 2116 1133 2194 flumine
1145 2125 1229 2165 mater
1242 2114 1326 2184 Quem

282 2199 388 2272 pensie-
402 2220 459 2272 quae
469 2204 653 2275 antiquissima
663 2203 759 2274 ignota
769 2201 858 2274 stirpis
869 2200 1031 2253 deducenda
1042 2199 1109 2250 ratio
1122 2209 1174 2262 est,
1187 2207 1215 2246 ut
1227 2213 1328 2266 parens

284 2279 379 2334 edatur
391 2283 484 2336 lluvius
495 2287 551 2355 ejus
564 2297 655 2350 terra,
668 2285 696 2334 in
710 2301 762 2353 qua
776 2300 839 2353 gens
853 2280 942 2351 aliqua
958 2279 1048 2332 sedem
1062 2277 1164 2330 babuit.
1179 2278 1271 2346 ltaque
1283 2273 1325 2325 eli·

284 2359 352 2410 vine
363 2361 449 2432 stirpis
460 2363 558 2415 Acestes
575 2363 726 2434 appellatur
742 2364 778 2427 V,
799 2379 857 2429 7¹²·
878 2360 992 2412 Fabulas
1010 2359 1042 2410 de
1054 2359 1148 2410 Aceste
1167 2355 1270 2426 plures,
1290 2353 1327 2406 ad

285 2455 351 2508 quas
364 2443 436 2492 numi
447 2460 553 2512 quoque
562 2442 634 2511 apud
644 2443 783 2506 Paruum,
797 2439 968 2503 Dorvsslinm,
981 2440 1129 2509 Principem
1139 2437 1325 2498 Torrentius,

285 2529 311 2567 et
323 2535 393 2569 nuuc
407 2519 479 2588 apud
493 2520 646 2571 Eclthelium
660 2519 799 2582 alludunt,
816 2518 877 2570 vide
896 2517 968 2589 apud
979 2517 1050 2569 Serv.
1063 2517 1097 2568 ad
1110 2518 1135 2580 l,
1153 2514 1211 2566 550.
1224 2515 1261 2577 V,
1280 2511 1324 2564 30.

283 2595 345 2646 Alia
361 2601 493 2668 congessit
508 2598 611 2650 Cluver.
626 2599 696 2650 Sicil.
710 2612 764 2650 ant.
778 2601 801 2648 ll
807 2635 815 2663 ,
835 2615 858 2648 a.
878 2597 929 2649 Sed
942 2601 968 2648 in
983 2615 1084 2650 summa
1097 2596 1249 2648 diversitate
1261 2611 1326 2645 con-

285 2689 377 2727 sensus
387 2677 415 2728 ilt
427 2681 453 2729 in
467 2677 531 2744 hoc,
553 2679 627 2730 urbis
644 2679 755 2750 Segesta
769 2678 933 2730 conditorem
947 2678 1076 2730 creditum
1095 2695 1151 2729 csse
1165 2676 1325 2743 majanum,

284 2767 311 2806 et
325 2755 455 2824 Trojanos
466 2759 575 2810 colonos
585 2758 718 2811 veteribus
729 2757 830 2810 Sicanis
842 2759 869 2809 in
881 2757 921 2809 his
932 2758 996 2809 locis
1008 2759 1088 2810 fuisse
1100 2757 1237 2810 admixtos.
1253 2755 1326 2806 Nota

284 2854 326 2887 res
339 2837 380 2888 vel
393 2858 423 2890 ex
440 2839 523 2892 Cicer.
539 2841 612 2892 Verr.
627 2842 675 2901 lV,
690 2840 732 2891 33.
746 2837 906 2909 (Accessere
926 2858 985 2890 mox
997 2839 1081 2891 Greci
1101 2838 1204 2890 coloni:
1222 2833 1267 2887 sed
1282 2834 1325 2886 vel

220 2955 222 2960 ,
284 2918 323 2970 sic
336 2918 408 2988 apud
424 2919 543 2994 Thucyd.
557 2923 605 2986 Vl,
622 2937 648 2970 ιι
664 2921 754 2972 Nicias
771 2939 817 2972 eos
834 2919 963 2972 barbaros
981 2919 1098 2991 appellat
1114 2915 1165 2987 aspi
1185 2913 1326 2982 'Epiacum

284 2997 508 3069 erdprirstepteipor·
519 3016 544 3055 et
555 3003 592 3054 sic
605 3021 646 3054 res
659 3019 686 3052 se
699 3001 792 3052 babuit
804 3005 831 3053 in
844 3001 978 3073 plerisque
988 3000 1081 3052 Siculis
1091 2997 1253 3056 civitatibus3
1267 3012 1325 3068 quae

285 3095 328 3130 res
340 3079 533 3132 dissensionum
551 3081 667 3134 civilium
680 3092 810 3151 perpetua
822 3099 916 3132 caussa
927 3094 953 3132 et
968 3081 1030 3146 fons
1048 3091 1119 3144 erat,
1140 3077 1194 3128 vid.
1212 3073 1277 3126 ibid.
1301 3091 1325 3125 c.

289 3171 328 3224 17.
341 3160 350 3228 )
360 3159 439 3211 Recte
448 3159 526 3211 Silius
538 3162 615 3228 XIV,
627 3160 659 3227 45
670 3159 834 3211 llliscuerunt
844 3159 989 3232 Plrypiem
997 3157 1097 3230 prolem
1112 3158 1239 3226 Trojanus
1250 3153 1326 3204 Aces-

284 3247 320 3288 tes
338 3238 516 3311 Trojanusque
533 3239 663 3311 Helymus
683 3253 732 3291 etc.
755 3241 874 3292 Proxime
890 3239 923 3291 ad
937 3252 1022 3310 poeta
1036 3237 1118 3289 verba
1141 3235 1235 3285 Strabo
1251 3233 1325 3300 Xlll,

284 3335 311 3386 p.
322 3317 373 3369 608
383 3319 411 3368 B.
424 3316 442 3368 si
452 3315 554 3389 di(oaoi
565 3317 603 3374 cir
613 3319 701 3372 Aietius
709 3321 720 3392 )
728 3319 757 3375 sic
769 3316 884 3385 Aipircrtr
896 3321 998 3388 κατᾷμι
1008 3319 1047 3373 ciis
1055 3315 1174 3373 tusillas,
1189 3309 1325 3378 'tit'ffliltp

282 3393 353 3462 Τρωὶ,
367 3395 406 3447 ui
416 3402 500 3465 'Epona
507 3398 546 3450 rai
556 3399 679 3460 Λιλύβαιον
689 3401 831 3464 racemis,
844 3398 883 3451 sai
893 3395 1013 3464 receperis
1023 3395 1073 3462 mpi
1082 3389 1196 3457 Αἰγίπαν
1206 3408 1326 3458 προσαγο-

252 3503 260 3522 s
283 3477 360 3546 prieur
375 3476 524 3550 Σιέμανθροι
536 3479 575 3532 sai
587 3476 708 3546 Σιμᾶιντει.
723 3482 864 3552 Dionysius
881 3497 958 3544 vero,
971 3491 1098 3544 tanquam
1116 3471 1325 3522 communiorem

284 3559 479 3626 narrationem,
492 3559 533 3611 his
546 3579 600 3611 non
613 3559 750 3612 dissimilia
764 3560 871 3628 exponit
883 3557 929 3608 lib.
943 3552 1026 3618 1‚52,
1040 3547 1253 3619 secundumque
1265 3546 1325 3618 sly-

283 3654 342 3686 mus
354 3650 381 3686 et
392 3639 511 3710 AEgcstus
523 3644 579 3710 jam
598 3655 658 3692 ante
676 3641 761 3708 Trojrc
774 3638 904 3689 excidium
926 3634 992 3684 urbe
1013 3630 1187 3703 profugerant
1204 3641 1230 3681 et
1243 3639 1323 3680 vento

284 3713 401 3768 secundo
412 3721 452 3770 usi
462 3723 489 3772 in
499 3722 615 3774 Siciliam
624 3731 808 3793 pervenerant.
819 3720 852 3768 lli
865 3717 936 3767 eirca
945 3711 1085 3763 Crimisum
1102 3711 1141 3776 ll,
1156 3711 1189 3763 de
1203 3727 1255 3780 quo
1268 3724 1322 3758 non

283 3796 370 3845 minus
382 3797 465 3849 inulta
474 3801 596 3853 fabulose
608 3812 765 3852 narrantur:
778 3816 803 3848 v.
817 3794 889 3866 apud
902 3792 990 3845 Schol.
1003 3792 1132 3865 Lycophr.
1145 3789 1205 3859 953.
1217 3789 1281 3858 471,
1295 3789 1324 3840 iu

283 3873 439 3926 Sicanorum
453 3897 516 3949 agro
529 3881 717 3944 consederunt,
728 3891 802 3948 parte
816 3877 872 3946 agri
883 3875 915 3924 ub
926 3873 967 3924 his
976 3888 1094 3944 accepta,
1105 3883 1216 3944 propter
1225 3868 1325 3940 AEgcsti

285 3955 575 4028 cognationem,qui‚in
586 3961 759 4012 Sicilicnatus
770 3971 796 4009 et
806 3955 943 4020 educatus,
955 3973 1035 4026 quum
1044 3951 1324 4018 adolevisset‚Tr0jam

284 4033 407 4087 redierat.
419 4035 498 4102 Quod
509 4039 643 4108 quomodo
653 4042 753 4091 factum
764 4040 810 4102 sit,
820 4054 904 4088 moxa
914 4037 1039 4106 Dionysio
1049 4035 1066 4085 l.
1078 4053 1101 4085 c.
1112 4043 1243 4084 narratur.
1253 4028 1322 4077 Turn

284 4133 365 4190 porro
375 4135 381 4169 s
391 4113 440 4170 hos
449 4134 510 4171 suos
518 4119 661 4192 populares
673 4138 753 4190 quum
764 4121 790 4170 in
800 4117 841 4171 his
851 4117 916 4171 locis
924 4115 1080 4171 offendisset
1088 4115 1195 4180 ruccas,
1204 4119 1325 4164 amantea
