2996 4694
458 424 693 491 muninus
715 424 869 489 ninnn
890 427 930 488 v.
1171 424 1212 512 89

177 567 226 599 non
238 553 314 600 minus
325 560 387 598 reete
398 563 461 596 mure
471 583 478 605 ,
488 550 587 610 fluetus,
603 547 691 614 scopuli
705 562 785 596 tonare
797 548 913 595 (licuntur.
921 547 1011 612 -867,
1017 547 1146 610 fluitantem
1156 558 1212 594 vett.

177 621 240 684 apud
253 623 325 677 Pien,
331 623 465 682 flucmntem
476 619 571 666 Dorvill.
581 646 611 655 -
623 619 675 666 868.
688 629 810 666 nocturnus
822 621 918 665 Ven—
928 619 980 680 869.
990 627 1111 666 commotus
1119 614 1213 664 Vrstisl.

176 691 284 755 corususus
296 693 385 753 llugen.
398 708 441 754 pro
452 707 499 736 vor.
511 689 564 737 leet.
574 717 605 727 -
614 691 667 753 871.
684 692 767 737 Nudus
782 700 804 736 et
815 689 869 736 edd.
882 689 958 752 rulgg.
969 703 1022 736 aute
1033 693 1094 737 Pier.
1107 702 1130 735 et
1142 687 1212 734 Goth.

178 781 214 826 pr.
227 767 250 808 in
263 767 340 827 ignem
351 781 386 826 pr.
400 762 481 808 llamb.
493 763 523 808 cl'.
537 763 567 808 sd
582 763 630 808 Ecl.
650 763 693 818 Vl,
706 762 743 819 io.
757 763 865 809 Ceterum
878 760 986 808 notabilis
998 761 1059 808 adv.
1073 775 1128 810 eutr.
1141 759 1214 806 Servii

178 846 246 880 nota:
259 834 381 880 Sciendum
392 850 458 890 sane,
473 835 590 879 uTuecam
600 846 623 880 et
632 835 729 878 Varium
741 834 803 879 hune
815 833 884 878 linem
896 834 971 896 quinti
984 847 1032 879 esse
1043 832 1153 879 voluisse:
1161 845 1214 876 nain

180 925 191 944 ι
201 921 213 949 n
225 905 322 966 Virgilio
334 905 381 952 duo
390 921 468 952 versus
479 917 602 968 sequentes
612 907 619 964 i
628 903 669 950 lib.
681 905 726 959 VI,
741 919 759 959 t,
772 920 783 949 n
797 905 832 950 Sic
839 903 909 966 futur
918 903 1036 950 hesimus
1051 902 1160 966 classique
1173 903 1215 944 im·

181 992 192 1013 ι
202 975 269 1018 mittit
275 972 384 1030 labem,
396 967 428 1020 u‘t
440 975 527 1019 undem
535 973 640 1018 Euboicis
648 973 770 1018 Cumarum
779 971 886 1018 allabitur
894 975 954 1032 uris)
963 973 1018 1019 ltuic
1023 975 1097 1036 juncti
1107 972 1215 1017 luerunt:

181 1061 192 1083 s
200 1043 263 1089 uude
273 1047 297 1088 in
306 1043 425 1090 nonnullis
434 1045 535 1106 antiquis
542 1043 662 1088 codicibus
669 1045 726 1088 sesti
735 1045 826 1088 initium
834 1056 882 1089 est:
892 1043 1017 1088 Obvertunt
1022 1041 1100 1105 pelago
1108 1053 1194 1103 proras·
1203 1057 1214 1077 ν

178 1115 209 1159 Ut
217 1128 338 1176 appareat,
350 1117 389 1162 cui
399 1115 524 1161 debeamus
533 1115 593 1160 hanc
603 1115 789 1160 observationem
798 1116 901 1160 criticum
906 1147 914 1170 ,
925 1131 937 1160 e
950 1116 1061 1176 Pompon-
1074 1112 1125 1158 Sub.
1141 1111 1219 1156 locum

179 1185 333 1247 subjungam:
346 1205 357 1226 ι
366 1187 402 1231 Sic
405 1186 474 1248 sunu
485 1184 611 1232 hennum.
625 1185 656 1230 lit
666 1185 762 1230 rouen.
780 1186 880 1241 Probus,
892 1185 928 1232 bis
942 1185 1034 1232 duobus
1048 1183 1162 1236 versibus,
1179 1183 1219 1226 in-

181 1274 192 1294 ·
201 1257 265 1316 quit,
281 1255 361 1302 fluitur
376 1255 415 1302 bic
427 1255 486 1302 liber
502 1258 527 1302 in
537 1257 620 1302 Tucca
636 1267 659 1302 et
669 1254 815 1302 Cornelisnis
826 1257 1013 1311 commutarim
1030 1255 1091 1314 (lios
1108 1251 1218 1316 equidem

179 1325 262 1386 ignoro
273 1327 314 1388 qui
326 1327 380 1372 sint.
390 1328 484 1372 Seruius
495 1325 590 1389 quidem
602 1325 632 1372 sd
644 1328 693 1372 ΕΔ.
704 1327 748 1384 tv,
764 1341 804 1388 ¹²7
817 1325 951 1373 Cornelium
966 1326 1064 1372 Balbum
1081 1323 1221 1371 Grammati-

179 1411 233 1442 eum
250 1412 378 1444 memorare
393 1397 503 1458 videtur)
526 1410 549 1444 et
560 1397 681 1461 Virgilium
699 1400 730 1444 ita
744 1401 812 1446 etiam
829 1399 905 1446 finisse
922 1399 1069 1446 manifestum
1085 1411 1131 1453 ess,
1148 1408 1171 1442 et
1182 1396 1221 1440 in·

182 1488 193 1508 ·
202 1467 296 1516 eboasse
306 1483 394 1516 sextum
406 1469 490 1516 librutn
503 1487 508 1515 :
526 1469 649 1517 Obvertunt
660 1469 739 1535 pelago
749 1487 836 1534 psoras.
847 1491 857 1511 ι
871 1472 954 1517 Nescio
973 1483 1064 1526 tamen,
1081 1485 1122 1514 cur
1134 1467 1221 1512 lactum

180 1538 221 1593 sit,
234 1551 259 1583 nt
271 1538 335 1584 Phiei
346 1539 355 1559 ¹
366 1541 406 1598 (in
417 1539 555 1602 mnrgsorte
568 1541 679 1586 Ts'eisnus.
693 1543 745 1586 Non
757 1554 833 1587 tamen
844 1540 1046 1604 intelliguslseile,
1057 1535 1220 1603 quomodovel

178 1605 204 1651 in
215 1606 399 1670 Chorogmphia,
412 1607 449 1654 sel
461 1613 485 1654 in
494 1609 645 1656 'l'hemstihus
653 1610 758 1672 Virgilii:
771 1627 792 1657 v.
803 1613 866 1658 Serv.
882 1612 911 1657 sd
930 1613 978 1657 AEn.
997 1611 1028 1667 x,
1043 1609 1085 1665 ιθ,
1097 1621 1220 1654 occurrere

177 1675 252 1723 simile
262 1678 320 1741 quill
329 1681 444 1740 potuerit5
456 1682 499 1726 nisi
512 1680 556 1726 slis
567 1683 657 1744 scripsit
670 1697 744 1745 eoque
754 1685 908 1744 grammunea.
919 1683 957 1728 Sic
967 1693 990 1728 et
1002 1679 1082 1744 paullo
1090 1691 1143 1744 post
1151 1679 1221 1723 Pum-

177 1761 234 1809 pon.
246 1749 276 1794 sd
287 1751 368 1796 voesb.
381 1750 478 1798 liudem
489 1751 598 1798 Titianus
608 1753 678 1809 dicit,
690 1770 718 1799 ex
730 1769 787 1799 vern
797 1753 914 1810 loentum,
925 1757 980 1818 quis
995 1751 1047 1800 sels
1057 1751 1120 1814 apud
1129 1761 1220 1798 veteres

177 1814 233 1864 loris
242 1817 389 1880 ligabuntur)
403 1820 470 1867 aliter
481 1820 596 1868 habueris.
608 1823 754 1884 Apronianus
768 1837 844 1870 autem
855 1827 996 1888 principium
1009 1838 1057 1870 esse
1067 1823 1150 1870 doeet:
1162 1841 1173 1862 ι
1183 1819 1221 1866 sie

179 1888 261 1950 sfnnsr
272 1889 420 1938 lucrinum.»
440 1895 483 1952 (Es
495 1909 549 1940 sane
561 1897 594 1940 sie
607 1910 739 1956 expressunt
755 1898 781 1941 in
791 1897 1044 1955 Medicamentum
1061 1907 1142 1941 neutra
1159 1892 1220 1938 ratio

179 1959 316 2009 difficultate
328 1977 399 2010 curet.
412 1965 513 2012 Omnino
524 1969 606 2012 vitioso
618 1967 692 2013 videri
704 1980 780 2030 potest
792 1968 841 2016 bne
850 1968 904 2015 libri
914 1971 991 2032 quinti
1003 1970 1028 2017 iu
1037 1967 1113 2014 medis
1123 1976 1220 2012 senten·

179 2032 211 2076 tis
223 2031 338 2090 clausula,
348 2051 400 2098 qun
411 2035 492 2082 salum
504 2036 584 2098 paullo
596 2050 649 2084 aute
661 2050 714 2100 post
723 2057 744 2086 s.
755 2039 797 2085 861
812 2041 863 2102 lpse
872 2037 950 2086 volens
963 2050 1038 2088 tenues
1045 2055 1069 2086 se
1075 2034 1165 2086 sustulit
1173 2033 1222 2080 ales

179 2101 211 2146 nd
221 2117 290 2150 nurus
302 2107 418 2168 interponi
427 2105 553 2154 debuerat:
564 2123 616 2154 num
629 2111 683 2154 novi
693 2109 747 2156 libri
758 2113 848 2156 initium
856 2112 977 2158 commode
987 2125 1042 2158 tunc
1052 2111 1102 2156 lieri
1114 2113 1220 2172 poterat:

181 2171 257 2217 curru
268 2176 310 2231 iter
324 2183 403 2220 tritum.
418 2177 451 2222 lta
462 2192 498 2222 res
512 2180 560 2240 ipss
571 2191 657 2224 novum
665 2182 772 2244 sequenti
783 2178 843 2225 libro
851 2180 960 2228 narrandi
972 2181 1077 2226 ordinem
1085 2176 1221 2239 suppedita-

179 2239 233 2298 bat,
245 2257 338 2290 accessu
346 2247 499 2308 Troianorum
510 2247 538 2291 ad
547 2245 602 2292 litus
611 2246 690 2294 ltnliae.
700 2247 788 2293 Verum
800 2261 834 2294 est
844 2248 908 2294 aliud
917 2261 1041 2312 preterea,
1051 2249 1121 2311 idque
1131 2245 1223 2306 gravius

181 2311 254 2369 iorte,
265 2313 329 2377 quod
340 2317 483 2362 monendum
494 2329 556 2364 emt:
568 2319 613 2364 nisi
625 2321 715 2364 surium
732 2319 847 2380 judicium
860 2323 978 2384 animique
989 2335 1069 2366 ansus
1081 2329 1221 2380 prorsusne

181 2381 255 2441 fallit,
267 2385 343 2433 ultimi
354 2387 379 2433 bi
391 2387 439 2434 duo
449 2401 543 2436 sertin:
555 2391 576 2436 0
586 2391 679 2436 nimium
688 2389 750 2436 coelo.
764 2391 847 2436 Nudus
860 2393 883 2436 in
896 2395 993 2456 igneus
1009 2389 1136 2452 Virgilisns
1152 2399 1222 2432 msnu

181 2455 280 2517 prolueti
292 2473 340 2504 non
351 2471 413 2506 sunt.
425 2460 489 2507 [libii
504 2459 550 2508 dici
563 2473 654 2524 poteret
665 2462 773 2524 frigidius
786 2475 809 2510 et
821 2463 963 2526 languidius,
975 2473 999 2510 et
1010 2461 1157 2524 grammatico
1166 2473 1224 2504 scu·

182 2529 245 2573 mine
257 2527 356 2590 signius.
370 2533 593 2590 Neorerisssines13
603 2547 691 2580 untnni
704 2537 766 2581 enim
775 2535 864 2592 sumit,
876 2549 902 2582 nt
915 2535 966 2582 eseli
980 2535 1095 2597 marisque
1107 2527 1223 2594 trannil-

181 2595 240 2644 liuni
251 2597 373 2648 Pslinuruu
382 2604 480 2651 υἰπήιιω
490 2603 631 2662 mutere,
643 2617 669 2654 nt
679 2608 757 2668 potius
767 2607 838 2652 nimis
850 2606 973 2654 sedulitste
981 2617 1101 2669 ρωπος
1109 2618 1138 2650 eo
1148 2601 1220 2655 enim,

181 2669 246 2732 quod
257 2674 331 2734 quieti
344 2673 398 2722 dare
410 2691 435 2722 se
446 2676 531 2735 nollet,
543 2680 658 2736 conmisit
670 2691 696 2724 ut
704 2694 786 2726 sonno
797 2695 921 2744 oppressus
932 2683 989 2726 muri
1001 2687 1151 2740 mergeretur.
1162 2671 1222 2720 Mihi

180 2739 271 2804 inque,
283 2759 336 2790 cuns
348 2761 375 2790 es
385 2747 433 2808 ipss
445 2763 484 2802 re,
494 2757 543 2794 lum
555 2765 583 2794 ex
594 2750 634 2804 iis,
644 2765 696 2812 quse
707 2766 719 2796 e
730 2750 848 2796 veteribus
859 2751 1018 2796 Grammaticis
1027 2745 1107 2812 paullo
1116 2757 1168 2792 ante
1179 2760 1221 2805 np-

181 2811 254 2872 posita
261 2825 327 2876 sunt,
338 2815 369 2860 ita
378 2819 526 2864 statuendum
539 2835 587 2865 esse
599 2819 692 2865 videtur
700 2837 706 2866 :
714 2821 808 2868 Poetaut
818 2820 938 2886 reliquisse
947 2821 1027 2868 ultima
1034 2819 1104 2879 liujus
1112 2816 1165 2862 libri
1172 2829 1221 2859 non

181 2881 235 2926 satis
246 2878 377 2940 elaborata,
387 2888 495 2951 interque
506 2888 556 2935 buc
569 2905 622 2938 eunt
634 2891 704 2937 verbo
714 2891 801 2946 Enete.
814 2891 844 2940 de
856 2892 959 2938 Palinuri
967 2891 1013 2938 isto
1023 2889 1156 2951 conquesti,
1168 2895 1222 2930 ²⁰²⁰

182 2951 218 2994 Sic
229 2949 298 3012 futur
310 2951 440 3010 lacrimans,
457 2957 561 3004 nondum
574 2961 748 3026 interposuisse.
760 2963 856 3008 Vnium
868 2962 926 3009 aden
945 2976 967 3008 et
977 2961 1090 3016 ineram,
1102 2971 1154 3002 cum
1164 2967 1222 3000 eon·

183 3020 305 3065 stituerent
317 3021 449 3080 breidetn,
461 3027 552 3074 haesisse
562 3032 586 3076 in
598 3029 622 3074 lt.
636 3029 652 3074 Ι.
664 3043 686 3077 et
697 3033 772 3092 primo
784 3034 875 3078 initiunt
887 3031 941 3078 libri
953 3033 1009 3078 sesti
1020 3045 1048 3074 ex
1064 3043 1106 3073 suo
1115 3023 1222 3088 judicio»

183 3103 232 3134 nnn
249 3092 303 3135 isus
318 3105 399 3148 anuto,
412 3111 424 3138 n
435 3097 511 3143 verbis
523 3099 558 3144 Sic
570 3099 639 3162 satur
648 3099 767 3146 tuentum
778 3102 872 3157 les-ism
882 3099 1065 3164 repugnantibus
1078 3094 1141 3148 eliis,
1154 3093 1194 3154 t1¹¹i
1208 3105 1222 3136 ⁸

182 3173 251 3202 versu
262 3157 386 3206 olverruu
401 3163 479 3227 pelago
490 3165 575 3214 illu-tun
587 3181 676 3216 sextum
691 3172 858 3218 exordiendum
870 3172 1007 3226 censebunt;
1025 3181 1086 3222 tum,
1100 3179 1153 3212 ‘¹¹¹³
1168 3172 1221 3224 1¹⁰³

184 3226 261 3274 Multo
277 3245 367 3294 guntin
381 3249 479 3298 cunque
494 3242 593 3284 nmmum
611 3255 731 3288 comussus
746 3247 812 3290 omui
826 3244 897 3290 verbs
913 3246 987 3290 AEneae
1002 3237 1167 3302 conquerenti·
1183 3243 1223 3278 ²¹¹¹

184 3298 260 3355 nulls,
270 3313 367 3348 autnon
379 3306 433 3350 satis
443 3306 542 3367 expolita
554 3321 642 3364 essem,
655 3323 694 3356 aut
703 3327 732 3356 es
742 3311 791 3368 his,
804 3325 842 3358 aut
851 3330 863 3360 e
873 3328 915 3360 suo
927 3315 1022 3375 ingenio
1033 3309 1081 3356 duo
1090 3306 1133 3352 bos
1143 3315 1221 3350 vorm

185 3371 362 3434 interposuisse,
375 3389 404 3422 ne
415 3389 469 3422 unte
478 3377 562 3424 verba:
575 3380 611 3424 Sic
616 3379 685 3441 funtr
696 3379 827 3438 lucrinum,
835 3386 909 3430 orosio
918 3384 1001 3432 hinret.
