2996 4694
293 346 336 414 66
540 337 575 400 P.
598 333 828 396 VIRGILII
850 329 1081 396 MARONIS

295 465 447 534 Ardentis
460 460 537 526 dare
548 459 616 523 visa
628 459 725 522 faces.
738 455 806 520 Hie
817 457 950 544 quoerite
963 453 997 517 T
992 459 1094 540 rojam
1099 481 1111 533 ,⁰

295 575 363 640 Hic
374 573 485 638 domur
496 584 561 642 est,
573 566 692 654 inquit,
705 561 807 627 nobis.
820 565 893 626 Jam
904 579 1034 650 tempus
1046 564 1098 650 agi
1109 585 1175 642 res3

295 684 364 746 Nec
375 678 472 744 tantis
485 697 575 738 mora
587 670 761 761 prodigiis:
776 691 817 732 en
830 683 971 756 quatuor
982 691 1045 731 arae

296 791 460 876 Neptuno.
474 785 562 846 Deus
575 781 644 866 ipse
657 778 744 841 faces
756 776 969 864 animumque
981 776 1151 839 ministrat.
1165 804 1177 833 r
1284 787 1331 848 ss·

298 896 377 957 Haec
389 908 588 964 memorans,
601 884 705 971 primo
718 882 884 946 infensum
895 881 928 944 vi
940 881 1082 968 conripit
1094 881 1216 968 ignem,

297 997 493 1082 Sublataque
506 989 619 1079 procul
633 985 745 1052 dextra
757 987 896 1051 connixa
907 1002 1068 1063 coruscat,

298 1105 338 1166 Et
346 1101 434 1190 jacit.
450 1095 598 1162 Adrectae
611 1110 753 1171 mentes,
767 1092 1014 1186 stupefactaque¹
1027 1088 1126 1156 corda
1280 1145 1288 1171 ,
1318 1179 1319 1182 ¹

297 1205 447 1272 Iliadum.
461 1202 523 1265 Hic
535 1222 602 1264 una
613 1221 630 1262 e
643 1197 768 1274 multis,
782 1218 857 1283 quae
869 1217 1019 1260 maxuma
1031 1211 1124 1273 natu,

297 1317 416 1400 P'yrgo,
429 1324 478 1372 tot
490 1305 609 1368 Priami
620 1319 771 1366 natorum
784 1303 873 1388 regia
884 1303 1012 1364 nutrix:
1284 1311 1329 1370 stt

301 1445 315 1475 «ι
326 1418 400 1478 Non
413 1415 515 1475 beroe
527 1406 636 1485 vohis,
648 1429 715 1470 non
728 1405 799 1469 baec
811 1405 973 1483 Rhoeteia,
987 1422 1122 1485 matres,

300 1523 356 1584 Est
368 1515 501 1604 Dorycli
513 1512 672 1601 conjunx:
686 1509 788 1574 divini
801 1510 892 1596 signa
904 1507 1046 1587 decoriS,

299 1621 517 1708 Ardentisque
530 1633 641 1682 notate
654 1615 783 1693 oculos3
797 1615 853 1702 qui
866 1613 998 1701 spiritus
1011 1614 1072 1693 illi,

296 1728 363 1810 Qui
374 1725 497 1802 voltus,
510 1722 641 1787 vocisve
654 1741 768 1798 sonus,
782 1718 834 1782 rel
847 1739 975 1806 gressus
988 1719 1089 1783 eunti.

329 1901 383 1948 638.
393 1897 456 1946 nobis
463 1909 508 1944 tres
517 1897 641 1942 Burmann.
650 1909 709 1940 nunt
717 1906 770 1939 ante
777 1894 856 1938 lleins.
864 1909 917 1938 cum
924 1908 972 1938 uno
981 1894 1041 1938 Pier.
1049 1895 1094 1956 aqit
1103 1909 1138 1940 ms
1146 1896 1211 1942 Rom.
1220 1913 1271 1944 oum
1281 1896 1334 1948 aliis

299 1971 360 2020 Pi'er.
371 1983 394 2017 et
403 1969 467 2015 Statii
476 1966 554 2013 Sobol.
562 1968 608 2030 opit
615 1981 674 2020 rem,
684 1981 761 2028 prave.
773 1973 857 2026 tempus
866 1965 913 2027 aqi,
924 1977 957 2009 est
967 1963 1060 2024 agenda
1070 1965 1112 2010 rei.
1122 1964 1166 2010 Alii
1174 1966 1318 2029 distinguunt
1328 1987 1334 2015 :

299 2043 344 2088 Hic
353 2041 431 2086 domus
439 2045 484 2092 est,
494 2039 577 2100 titquit3
586 2035 699 2097 vobisjam
709 2043 724 2080 t.
734 2033 831 2080 narvill.
840 2037 925 2097 inquit,
937 2033 976 2078 ubi
987 2043 1071 2096 tempus
1082 2037 1120 2098 aqi
1129 2050 1171 2080 res.
1180 2061 1212 2071 —
1220 2038 1272 2094 fido.
1290 2042 1337 2100 ipre

299 2109 473 2160 sacerrmhar.
478 2110 640 2172 flammamque
650 2108 827 2152 ministravere.
838 2123 890 2152 arn.
898 2121 945 2152 sec.
960 2119 983 2152 et
993 2106 1057 2150 llom.
1065 2109 1205 2172 animamque
1214 2125 1257 2165 rm,
1267 2110 1335 2156 male.

299 2189 399 2232 summm
411 2195 444 2228 est
455 2179 593 2236 eonsilium,
605 2183 725 2226 inventum
735 2177 788 2224 boc.
800 2180 828 2222 At
838 2179 928 2224 Pierius
934 2177 964 2224 de
975 2177 1069 2222 audacia
1079 2179 1174 2240 accipin
1186 2195 1229 2226 nec
1236 2179 1261 2226 id
1267 2180 1336 2227 male.

298 2255 390 2312 —filn
402 2253 475 2299 subito
486 2253 525 2316 inf.
543 2251 639 2299 Dorvill.
655 2251 760 2314 infestum
772 2249 857 2296 Medic.
873 2247 941 2294 Pierii
957 2264 1009 2294 cum
1026 2247 1115 2311 aliquot
1132 2252 1210 2296 Burro.
1223 2255 1337 2298 incensum

299 2326 371 2374 walt.
378 2339 400 2371 et
407 2325 558 2382 blito-642.
565 2322 662 2370 subnixa
669 2340 704 2385 pr.
711 2322 792 2368 llamb.
801 2336 902 2366 connexa
909 2319 987 2366 altera
997 2335 1027 2364 ru.
1035 2335 1080 2366 sec.
1087 2326 1177 2368 connisa
1183 2323 1251 2368 Goth.
1258 2339 1336 2370 sec.-

300 2399 353 2456 643.
363 2397 470 2451 obrectoe,
480 2405 575 2457 arrepta
584 2395 632 2440 duo
640 2397 765 2440 Burmann.
775 2419 806 2428 -
815 2391 868 2448 645.
881 2393 959 2455 rtrqo,
971 2389 1052 2454 Phil-qo
1059 2394 1174 2439 scribitur.
1185 2389 1268 2456 lieni·
1277 2406 1334 2440 erat.

300 2477 347 2512 nat.
359 2457 456 2510 maturio
465 2467 542 2509 ηιιεηὶτ
552 2462 621 2508 Gotb.
632 2475 685 2508 tert.
694 2488 724 2498 -
734 2461 787 2518 646.
798 2460 860 2508 uobis
871 2475 910 2505 sex
921 2459 984 2521 apud
996 2461 1119 2506 Burmann.
1132 2462 1195 2508 nobis
1202 2496 1209 2517 ‚
1220 2463 1282 2510 nobit
1293 2461 1337 2508 lllt.

302 2536 350 2581 duo
359 2535 454 2580 ibidem.
464 2532 564 2578 llltoeteio
574 2541 645 2578 muter
653 2532 701 2578 tluo
712 2530 764 2586 alti,
774 2533 864 2577 vitiose.
871 2554 902 2564 -
909 2528 962 2586 648.
973 2529 1026 2591 649.
1038 2529 1225 2596 Splendentesque
1232 2547 1254 2578 u.
1265 2531 1335 2578 Gotb.

302 2670 413 2724 oonsilio
448 2669 675 2723 accommodatum
709 2683 794 2740 poetae
843 2667 1335 2745 (sup.r.233sqq.)AddePontpon.

303 2761 488 2804 commentum.
499 2777 533 2787 —
543 2747 602 2817 639.
618 2747 696 2800 tantis
702 2748 795 2819 prodi·
843 2748 903 2802 Sub.
913 2751 973 2801 Non
981 2751 1093 2822 expedio
1101 2752 1224 2822 equidem
1233 2755 1337 2806 numeri

300 2830 369 2903 giis,
381 2831 419 2880 rei
431 2847 479 2899 per
497 2845 617 2879 somnum
636 2839 689 2878 tam
709 2829 795 2879 mani·
844 2847 977 2894 caussam,
989 2849 1039 2882 nec
1051 2833 1138 2884 refert.

301 2911 369 2961 feste
394 2921 551 2960 monstratae.
584 2923 636 2956 arte
662 2907 794 2977 Neptuno.
878 2909 1035 2977 ssi-643.
1056 2911 1157 2963 Ornata
1175 2912 1275 2974 oratio,
1294 2924 1338 2962 ut-

302 2987 381 3041 Forte
392 2987 513 3040 Anchisa
526 3005 585 3038 aras
601 2988 689 3058 potius
702 3005 797 3058 expec·
844 3003 906 3060 pote
919 2990 946 3040 in
955 3008 997 3055 re,
1008 3007 1065 3060 qua
1076 2991 1240 3043 mirationem
1248 2991 1338 3044 facere

303 3070 387 3123 tabas.
401 3067 468 3132 Sed,
486 3079 513 3120 ut
526 3085 596 3118 nunc
615 3080 666 3132 est,
680 3079 740 3119 ante
752 3066 795 3117 lu·
844 3067 932 3120 debet.
947 3070 993 3120 Est
1004 3081 1091 3122 autem
1102 3090 1133 3122 ea
1143 3088 1236 3122 caussa
1252 3083 1337 3141 poetes

304 3147 352 3200 dos
363 3148 486 3200 funebres
497 3147 649 3198 commissos
659 3163 735 3198 sacra
747 3144 796 3196 de·
844 3166 891 3199 our
905 3161 995 3214 ornet,
1012 3151 1035 3200 si
1054 3149 1211 3220 phantasma
1228 3150 1338 3221 aliquod

303 3227 368 3280 bent
389 3245 444 3279 esse
467 3226 539 3278 facta
561 3225 700 3295 Neptuno,
724 3223 794 3276 unde
843 3227 870 3278 iu
891 3242 1005 3280 ruentem
1026 3228 1078 3282 alte
1097 3230 1257 3282 descendere
1271 3229 1336 3281 vult.

305 3308 356 3358 tuis
369 3305 457 3358 adbuc
475 3307 580 3358 titiones
596 3303 719 3375 ardentes
731 3321 797 3375 sup·
845 3307 957 3359 connixa
967 3320 1083 3362 comunt
1093 3320 1119 3360 et
1118 3310 1197 3378 jacit,
1205 3326 1264 3376 pro,
1271 3311 1339 3377 jacit

303 3388 446 3460 petebant3
459 3385 547 3451 dicas,
566 3387 710 3455 quorsum?
727 3385 797 3438 forte
845 3387 931 3458 simpl.
943 3389 1003 3440 Fert
1011 3401 1097 3440 autem
1109 3388 1145 3436 ita
1156 3403 1209 3448 res,
1221 3398 1262 3452 ut,
1273 3387 1338 3440 dum

305 3465 338 3518 ad
348 3465 508 3536 placandum
518 3463 606 3528 deum,
615 3476 641 3516 et
653 3463 797 3516 secundam
846 3466 934 3518 vibres
942 3469 1074 3528 titionem,
1082 3475 1155 3514 motu
1165 3465 1223 3535 ipso
1233 3466 1339 3522 llamma

305 3547 499 3616 navigationem
512 3543 693 3614 expetendam.
709 3544 798 3609 Quor·
846 3547 914 3595 vires
933 3553 1026 3593 suntet.
1040 3541 1142 3610 -647.
1165 3561 1204 3614 sq.
1225 3547 1259 3598 of.
1277 3565 1336 3618 sup.

306 3639 364 3674 suns
393 3619 481 3675 autem
513 3625 649 3694 quatuor?
677 3622 797 3673 Servius:
846 3623 953 3674 Excurs.
965 3619 1024 3670 Xlll
1037 3615 1105 3682 adl,
1118 3621 1291 3688 402.Servius
1302 3625 1338 3676 od

306 3711 435 3772 quatuor,
456 3703 520 3773 quia
540 3701 642 3775 singuli
659 3702 733 3753 duces
746 3721 795 3752 na·
843 3699 871 3750 b.
884 3699 902 3749 l.
914 3698 977 3748 Non
991 3708 1028 3750 err
1035 3697 1157 3754 dissuasio
1167 3740 1176 3766 ,
1188 3714 1217 3753 ut
1227 3702 1337 3773 quidam

306 3777 378 3827 vium
393 3777 403 3848 (
416 3778 440 3829 'v.
454 3797 512 3850 sup.
529 3781 576 3833 115
586 3783 612 3853 ),
624 3779 672 3852 qui
683 3789 795 3830 certare·
842 3787 952 3848 putant,
965 3775 976 3847 (
988 3777 1043 3831 scil.
1057 3799 1090 3833 ne
1107 3781 1216 3834 credant
1232 3783 1337 3834 feminae

307 3865 381 3920 rant,
404 3855 518 3928 sinqulcu
537 3867 677 3928 posuerant
694 3885 728 3896 -
747 3856 797 3908 olii
843 3854 913 3908 hano
927 3873 983 3909 esse
995 3859 1110 3926 beroen,
1122 3879 1209 3930 neque
1221 3862 1245 3913 ei
1258 3861 1337 3914 fidem

308 3944 394 3985 tamen
404 3933 496 3986 dicunt
505 3956 521 3986 a
535 3936 721 3990 Cloantho'esre
731 3936 797 4006 posi·
844 3933 974 4004 babeant,
984 3939 995 4010 )
1005 3939 1048 3992 red
1058 3941 1140 4012 maqis
1151 3939 1270 3992 bortatur
1278 3959 1337 4013 peu

308 4022 360 4077 tar,
383 4011 430 4086 qui
448 4014 643 4084 promiseratis
664 4016 795 4069 daturum.
843 4015 993 4086 suadendo,
1024 4020 1140 4074 numinis
1172 4021 1335 4074 auctoritate.
