3028 4682
523 406 588 469 in
611 403 813 468 mooun
836 405 898 468 vi.
1168 415 1230 496 243

187 539 261 594 suot,
270 529 350 582 etism
359 545 441 600 quom
449 525 589 580 subtiliore
600 539 627 578 ot
636 544 767 591 sermons,
777 539 803 578 st
813 526 975 598 cogitetione
984 541 1134 600 uterentur,
1144 547 1234 592 tomen

188 609 231 661 trel
243 610 390 662 secundum
404 609 528 680 antiquos
542 607 602 660 illos
613 607 656 659 vel
668 606 794 658 dromus
808 625 855 658 eos
869 607 1057 680 disputabunt,
1072 617 1167 669 mirum
1179 637 1235 672 non

189 700 231 740 est
240 689 269 740 in
277 691 393 744 Socratis
408 705 545 752 sermone,
556 689 585 740 in
597 687 739 740 Platonicis
752 698 779 739 tt
790 687 899 757 reliquis
910 687 984 740 libris
994 690 1186 765 philosophicis
1195 711 1237 750 tot

188 785 327 838 superesse
339 770 438 839 poetici
450 767 562 838 alicujus
574 769 717 831 sermonis,
731 781 777 820 tutt
785 766 916 840 mythico,
926 768 969 820 vel
980 769 1129 841 allegorice
1139 795 1236 832 norro-

191 847 272 898 tionit
286 865 336 918 pro
354 847 579 900 demonstratione
597 847 640 900 vel
656 846 834 899 illustratione
845 848 958 920 vestigio
977 867 1007 900 sc
1027 851 1176 923 fragments
1187 856 1236 927 (ι)Ι

193 925 274 992 Quod
287 927 370 978 multo
379 929 462 1000 magis
472 929 500 980 in
512 928 573 980 loco
583 927 616 980 do
627 926 708 979 rohos
718 927 810 978 inieris
825 927 946 980 occidere
957 928 1064 995 debuit,
1079 933 1160 1002 quoni
1173 955 1189 986 n
1200 955 1240 988 so.

194 1005 332 1075 quioribus
351 1005 518 1078 philosophis
540 1006 574 1060 de
590 1004 667 1071 sede,
684 1017 755 1058 sorte
778 1024 809 1057 ac
829 1005 982 1058 conditione
1005 1010 1154 1061 animorum
1179 1031 1241 1084 post

193 1101 320 1152 mortem,
333 1087 399 1138 nihil
413 1087 550 1150 subtilius,
563 1087 742 1158 exploratius,
751 1105 784 1138 uc
796 1085 920 1138 disertius
929 1088 1022 1138 offerri
1033 1103 1131 1159 posset.
1142 1093 1240 1146 Rerum
1344 1087 1349 1106 ¹

193 1167 302 1217 enimin
317 1166 369 1217 olio
382 1166 447 1218 orbe
461 1177 488 1218 ct
496 1167 552 1218 vita
564 1168 714 1218 futurarum
725 1167 842 1236 speciem
854 1177 881 1217 et
891 1164 1071 1219 conditionem
1081 1187 1158 1220 nemo
1171 1191 1241 1224 nior-

192 1244 286 1296 talium
299 1243 376 1296 aliter
387 1247 548 1298 constituere
559 1247 662 1316 potuit,
676 1256 722 1298 tut
734 1255 836 1314 potest,
849 1259 929 1314 quam
942 1261 974 1296 ex
985 1247 1044 1296 vitto
1057 1264 1110 1296 sun
1121 1253 1241 1304 notioni-

195 1325 246 1377 bus
261 1343 402 1394 rerumque
417 1324 579 1377 conditione.
596 1325 654 1376 Nec
669 1323 746 1376 slitcr
765 1342 782 1375 s
801 1323 907 1374 vatibus
925 1323 1042 1376 Hchraeis
1063 1325 1096 1377 de
1113 1329 1145 1379 iis
1162 1331 1242 1383 rebus

196 1419 285 1456 sctum
295 1418 347 1467 est;
360 1424 424 1456 nec
420 1405 497 1457 aliter
508 1423 627 1475 uuquam
639 1406 681 1476 ogi
691 1405 798 1474 poterit.

231 1483 387 1554 Exemplum
397 1483 477 1554 liujus
491 1486 530 1536 rei
542 1501 598 1536 esso
616 1496 722 1554 poterut
733 1485 791 1573 ipse
808 1481 910 1534 Ploto'
902 1501 930 1534 iu
946 1481 999 1534 hoc
1014 1481 1047 1535 de
1059 1485 1151 1539 inferis
1163 1490 1243 1542 rebus

197 1552 267 1614 ¹oco.
280 1562 332 1614 'lor
341 1562 383 1614 vel
397 1576 491 1633 quator
501 1562 573 1614 hunc
588 1581 736 1615 sermonem
749 1563 878 1629 instituit,
893 1561 1004 1615 diversis
1021 1563 1129 1633 quidem
1142 1570 1246 1636 modis,

195 1655 225 1696 nt
238 1641 336 1712 ultique
346 1641 469 1713 raythum
478 1659 506 1695 se
517 1643 616 1694 offerre
628 1642 776 1712 profitetur.
790 1601 960 1694 ldirstlonem
969 1659 1034 1694 sone
1042 1641 1098 1694 hec
1106 1661 1147 1697 ret
1157 1645 1247 1702 lucere

196 1735 303 1795 poterat
316 1741 348 1776 uc
364 1723 488 1776 debebat.
504 1723 567 1774 Non
580 1723 662 1776 modo
674 1721 776 1776 honus
788 1722 855 1774 litio
868 1723 1007 1774 notissimo
1027 1723 1166 1778 Phndonis
1185 1728 1246 1780 loco

195 1822 225 1872 p
238 1801 272 1853 to
287 1819 361 1871 seqq.
380 1800 414 1854 de
433 1801 676 1868 mundondiereo,
697 1803 831 1853 honorum
849 1800 927 1868 sede,
946 1814 987 1866 et,
1006 1813 1082 1854 terre
1100 1809 1247 1900 ιοιιῧὶιιι

194 1883 323 1943 Tarum
342 1881 389 1934 ubi
403 1883 483 1934 tubi.
497 1882 607 1952 srljmit.
628 1883 723 1934 n'hec
716 1895 754 1934 its
765 1899 793 1934 ss
810 1881 925 1946 habere,
938 1897 1018 1934 nemo
1030 1899 1110 1936 tonus
1124 1873 1247 1940 osserat’

199 1973 311 2012 «tumen
324 1973 352 2010 ut
364 1961 435 2012 rel'
415 1978 467 2025 sic,
479 1961 521 2013 rol
534 1962 587 2013 alio
598 1961 693 2026 modo,
702 1979 745 2012 res
756 1977 785 2012 te
797 1919 925 2012 hobiturd
932 1963 966 2012 sit
974 1976 1036 2012 cum
1044 1967 1142 2015 nostris
1153 1945 1249 2029 cnimil

201 2057 369 2109 «eorumque
381 2039 507 2106 sedibus,
523 2058 605 2110 quum
617 2028 660 2092 ilii
671 2041 834 2092 immortales
853 2043 919 2106 sint,
937 2040 990 2092 hoc
1009 2042 1119 2113 dignum
1135 2057 1161 2097 et
1180 2066 1247 2098 con-

201 2131 379 2170 «sentnneum
391 2123 495 2186 est,its
511 2123 641 2173 κωπίω
656 2123 755 2173 Verum
763 2117 824 2172 hoc
846 2077 919 2172 ideal
938 2139 992 2191 prae
1014 2139 1041 2172 se
1062 2124 1133 2178 leri-e
1154 2128 1251 2209 videa

199 2196 406 2270 philosophum,
418 2212 448 2251 ut
460 2198 602 2264 mythotse
616 2209 710 2251 veteres
721 2197 827 2266 fabulor
838 2211 973 2270 opponat,
985 2199 1092 2273 dellep
1104 2206 1144 2270 x,
1157 2177 1251 2256 subl.

196 2278 249 2332 ribi
257 2277 292 2330 de
303 2279 451 2331 animorum
460 2295 569 2332 accessu
580 2297 611 2331 sc
621 2279 755 2343 discessu,
768 2295 879 2330 ascensu
889 2297 920 2330 oc
928 2279 1073 2347 descensu,
1087 2286 1201 2355 praensiis
1212 2285 1253 2338 ιε’

200 2358 288 2430 pinnis
302 2357 437 2430 discuplis,
450 2359 511 2410 liris
526 2360 645 2409 Armenii
655 2315 775 2409 lsbuloin
789 2359 888 2409 offerre
906 2375 933 2408 se
946 2359 1058 2422 latetur3
1072 2373 1098 2413 et
1112 2364 1138 2413 in
1155 2363 1255 2434 Gorgia

200 2439 253 2493 sub
270 2439 313 2490 lin.
333 2438 368 2491 de
385 2439 472 2490 trilsns
490 2437 626 2507 jndicibus
646 2456 662 2489 a
679 2439 745 2490 Jove
766 2439 932 2502 constitutis,
951 2436 1038 2509 deque
1054 2443 1150 2496 animis
1174 2444 1254 2496 nudis

197 2519 393 2590 inspiciendis,
409 2531 525 2571 voterem
544 2517 665 2570 lnhnlcm
685 2533 713 2568 te
732 2535 880 2568 memorare
897 2517 967 2569 tello
985 2531 1084 2570 monet.
1099 2522 1161 2588 Quo
1175 2525 1256 2574 etism

198 2600 309 2673 mythos
323 2599 357 2653 do
367 2601 516 2652 animorum
529 2598 577 2650 ulit
591 2599 708 2668 pertinet
726 2599 754 2648 in
772 2595 883 2649 l’liaedro
904 2615 932 2668 p.
960 2599 1025 2650 1123
1042 2601 1095 2651 Frf.
1117 2602 1159 2654 Sic
1178 2615 1205 2655 et
1225 2605 1252 2657 in

196 2681 322 2734 Aniocho
334 2681 383 2732 sub
393 2681 412 2730 f,
424 2695 456 2730 cx
465 2677 699 2750 Hyperborsorum
708 2677 808 2729 tabulis
818 2679 845 2729 in
855 2676 922 2730 Delo
937 2681 1047 2731 serratis
1059 2683 1142 2752 petito
1155 2682 1254 2737 dicitur

186 2803 188 2807 ·
203 2765 297 2816 afferri
308 2763 436 2814 namatio.

236 2843 294 2894 Etsi
308 2859 371 2895 tero
381 2839 485 2910 Virgilii
498 2840 587 2890 oniino
597 2837 736 2890 Plutouics
745 2837 845 2908 placito
860 2838 988 2890 insedisse
998 2857 1079 2911 supro
1089 2841 1163 2895 houd
1171 2861 1254 2914 nego·

202 2925 300 2986 rerim,
313 2940 367 2972 non
382 2933 470 2974 tumen
484 2919 529 2970 illo
545 2918 680 2988 putandus
693 2931 737 2969 est
749 2917 866 2969 Platonis
888 2917 1087 2990 philosophiam
1100 2921 1178 2973 nobis
1196 2935 1254 2974 tnn-

201 3021 285 3072 qunm
298 3002 397 3052 trutino
414 2999 588 3070 appendisse,
604 3011 650 3050 sut
666 3014 870 3062 annumerasse,
886 3011 916 3048 nt
928 2997 996 3050 odeo
1016 2999 1050 3052 od
1068 3000 1142 3052 illum
1164 3004 1255 3053 ornniu

203 3081 327 3133 revocari
339 3080 456 3149 postium
468 3095 560 3130 rerum
572 3078 679 3128 miscuit
688 3074 733 3127 illc
746 3076 912 3148 Pythagoreo
924 3077 1081 3146 Platonicis,
1095 3092 1151 3130 tum
1161 3094 1254 3132 tenon-

205 3161 272 3212 dum
293 3172 347 3223 ost,
359 3155 593 3228 philosophsmstc
607 3155 683 3206 illmn
693 3171 754 3205 cum
767 3155 866 3207 dilectu
879 3169 906 3208 ct
919 3159 1023 3227 poetico
1037 3157 1095 3230 lego
1112 3171 1254 3225 tractasse,

201 3254 236 3293 ot
248 3241 283 3292 sd
295 3239 418 3310 vulgares
439 3237 579 3306 opiniones
601 3246 628 3286 et
646 3232 806 3304 popularem
824 3232 1023 3306 philosophiam
1035 3235 1187 3300 deflexisse,
1198 3251 1256 3290 tum

208 3320 263 3374 elin
274 3338 306 3373 ex
318 3318 505 3391 superstitione
516 3315 633 3386 vulgari,
646 3331 706 3365 cum
720 3331 773 3383 qun
785 3315 940 3366 convenisse
951 3315 1076 3368 ridentur
1088 3317 1218 3368 nonnulis
1229 3319 1257 3368 in

211 3403 310 3468 teletis,
323 3401 512 3462 immiscuisse,
526 3395 600 3468 quod
610 3407 719 3466 poetam
734 3395 839 3464 epicum
858 3397 947 3447 facore
964 3398 1004 3449 fus
1025 3411 1089 3450 erat.
1108 3399 1146 3448 Eo
1158 3415 1257 3470 purgu-

204 3486 313 3534 tionum
329 3479 438 3544 modos,
452 3495 519 3551 quot
538 3475 673 3548 supplicio
689 3474 821 3546 appellnt,
834 3475 937 3539 refero,
950 3493 974 3524 v.
989 3475 1156 3545 739w7l²2
1172 3471 1256 3528 uhi'v.

211 3565 273 3615 Not.
289 3561 402 3616 Eosdem
420 3564 447 3612 in
464 3562 533 3612 susis
551 3561 644 3631 pictis,
667 3557 779 3610 Etrusco
794 3555 874 3628 vulgo
886 3554 1034 3621 vocabant,
1051 3573 1187 3626 expressos
1200 3573 1257 3608 este

212 3644 329 3714 suspicio
339 3653 397 3694 orat
406 3641 482 3692 Gor-ii
494 3641 562 3691 llus.
576 3639 679 3690 Etrusc.
691 3637 723 3687 T.
737 3637 777 3700 ll,
790 3655 818 3706 p.
835 3635 897 3702 148,
914 3634 960 3686 ι3ι
972 3651 1028 3706 sqq.
1045 3647 1070 3686 et
1084 3637 1195 3688 Passerii
1209 3636 1257 3688 Pn-

211 3725 290 3794 relip.
304 3743 331 3794 p.
351 3723 400 3792 139
411 3723 472 3774 Vns.
486 3721 589 3773 litrusc.
601 3719 632 3771 Τ.
646 3721 672 3782 l,
684 3737 712 3788 p.
733 3719 774 3770 50.
788 3717 873 3768 Aliter
885 3716 918 3768 de
928 3715 969 3766 his
984 3716 1121 3788 suppliciis
1136 3717 1258 3786 disputo·

213 3815 269 3855 tum
279 3821 295 3854 o
307 3803 416 3854 l'lstone
428 3803 456 3852 in
468 3801 566 3872 Gorgia
578 3819 605 3872 p.
619 3799 669 3868 357
684 3800 728 3864 E.,
742 3799 788 3869 qui
798 3795 874 3849 sodes
883 3796 1010 3848 doctrine
1021 3809 1067 3848 est.
1078 3797 1150 3862 Alia,
1164 3795 1257 3849 admo·

243 3984 278 4042 (ι)
296 3981 330 4028 Ab
339 3979 384 4027 hoc
393 3981 521 4043 principio,
532 3977 597 4025 unde
608 3977 711 4041 prolecta
761 3988 901 4040 exsequutus
912 3987 945 4021 est
953 3977 960 4034 (
968 3975 1037 4020 Me'm.
1049 3975 1076 4020 de
1088 3975 1188 4021 littirot.
1202 3988 1257 4022 toni.

212 4057 284 4102 licerit
298 4055 386 4110 oratio,
403 4065 452 4098 turn
467 4049 506 4097 itt·
520 4049 605 4096 deduci
619 4049 712 4096 tandem
762 4049 846 4102 xllxl,
859 4065 882 4111 p.
896 4047 938 4104 rol.
948 4051 967 4105 l.
984 4061 1056 4110 quum
1071 4047 1195 4094 ostendere
1206 4048 1257 4093 vol·

213 4139 289 4190 potest
307 4127 337 4172 ad
353 4141 379 4172 es
396 4139 504 4188 qnoque,
520 4137 572 4187 qun
587 4122 714 4169 Gtmcrim
762 4121 807 4178 lct,
817 4135 866 4184 quo
875 4120 974 4168 consilio
984 4119 1049 4166 l’lsto
1059 4119 1136 4165 rabula
1146 4133 1200 4168 usus
1212 4121 1248 4164 rit.

1041 4198 1080 4251 16.
