2968 4696
408 367 642 433 AENElDOS
665 366 818 431 LIBER
840 370 926 432 Vll.
1126 371 1188 434 315

148 489 928 580 AdtendamqueanimosinsaniMartisamore,
1143 505 1188 550 st.»

150 594 308 686 Undique
320 612 357 660 ut
368 595 487 662 auxilio
499 595 646 676 veniant3
660 617 809 684 spargam
820 617 909 660 arma
919 617 979 682 per
989 617 1092 683 agros.
1106 626 1119 653 t

195 703 282 766 Tum
295 717 407 766 contra
419 703 508 767 tuno
519 725 526 766 :
544 718 733 766 «tetrorum
746 717 779 764 et
791 699 915 765 fraudis
927 699 1058 766 abunde
1072 720 1135 780 est,

148 805 242 870 Stant
253 805 331 870 belli
343 828 480 886 cauasae3
492 797 658 896 pugnatur
669 806 854 872 comminus
866 807 979 886 armis;

149 911 232 991 Quae
245 912 312 976 fora
324 912 429 1000 prima
441 910 548 990 dedit,
560 912 692 1000 sanguis
705 933 810 976 novus
823 909 930 974 inbuit
941 934 1040 976 arma.

149 1016 242 1080 Talia
255 1018 433 1098 connubia,
448 1036 480 1084 et
492 1019 563 1084 talia
576 1018 745 1084 celebrent
755 1018 946 1108 hymenaeos

149 1123 327 1210 Egregium
339 1124 476 1188 Veneria
489 1146 607 1212 genua,
622 1140 655 1188 et
666 1145 722 1188 rex
734 1125 805 1213 ipse
818 1125 962 1188 Latione.

148 1227 200 1290 Te
213 1249 312 1316 super
323 1227 472 1294 aetlierias
486 1251 594 1294 errare
606 1227 758 1294 licentius
770 1251 865 1294 nutas

150 1331 251 1396 Haud
264 1350 357 1417 pater
368 1333 422 1397 ille
435 1333 528 1413 velit,
542 1336 662 1399 summi
675 1350 830 1422 regnator
839 1333 982 1422 Olympi.

151 1436 241 1502 Cede
253 1437 351 1502 locis:
366 1461 441 1527 ego,
456 1440 483 1504 si
495 1463 561 1529 qua
572 1463 673 1528 super
684 1441 817 1504 fortuna
828 1437 979 1503 laborum
992 1456 1054 1518 est,

151 1543 226 1630 lpsa
239 1567 359 1632 regam.
373 1573 385 1602 υ
401 1545 490 1610 Talis
504 1544 641 1610 dederat
652 1545 802 1610 Saturnia
814 1566 922 1609 voces.
963 1557 966 1564 '
1149 1559 1193 1605 ⁵60

151 1647 210 1712 llla
222 1668 333 1713 autem
345 1649 474 1714 adtollit
486 1649 653 1716 stridentis
666 1649 827 1738 anguibus
840 1649 921 1728 alae,

150 1755 330 1845 Cocytique
342 1756 425 1844 petit
437 1754 565 1834 sedem,
578 1778 698 1844 supera
709 1753 812 1818 ardua
823 1751 986 1842 linquens.

180 1939 232 1986 550.
243 1942 321 1985 intutae
330 1941 402 1984 Mart.
414 1955 490 1986 umore
498 1943 562 2000 conj.
576 1939 832 2002 Coniugium-551.
847 1948 873 1984 ut
885 1955 908 1984 a.
921 1947 1000 1986 coeunt
1010 1939 1099 2000 ὅριοι,
1113 1950 1140 1984 ut
1152 1937 1195 1984 ini.

150 2009 194 2056 585
207 2009 305 2072 undique
315 2007 404 2056 collecti
416 2020 502 2056 coeunt.
516 2037 545 2048 ·-
557 2012 609 2056 555.
624 2027 651 2058 ac
659 2011 682 2074 Ι
698 2025 751 2056 ante
766 2011 845 2056 lleiua.
861 2009 989 2070 legebatur.
1004 2009 1114 2054 uiundett
1127 2009 1194 2054 llom.

149 2088 184 2124 est
195 2079 259 2125 abest
271 2079 340 2126 Goth.
355 2093 408 2125 tert.
423 2106 453 2116 -
467 2081 521 2127 553.
535 2090 665 2146 pumuntur
679 2080 775 2128 Dorvill.
789 2096 835 2145 quo
848 2083 921 2126 minus
936 2083 1017 2126 Frant.
1031 2105 1062 2116 -
1077 2077 1128 2133 555.
1146 2094 1195 2126 tore

150 2148 219 2196 multi
229 2152 298 2195 etiam
310 2150 334 2196 h.
344 2149 361 2196 l.
371 2151 453 2198 imbuet
464 2151 568 2198 Parthae.
579 2178 609 2187 -
621 2154 673 2198 555.
685 2152 795 2198 connubia
804 2154 879 2198 atatim
892 2167 935 2214 pet
946 2150 1014 2196 Aldd.
1025 2153 1049 2196 in
1061 2162 1194 2196 contextum

150 2235 274 2267 venet-unt.
286 2222 387 2268 llenncl.
398 2225 515 2270 revocavit
524 2226 639 2288 eonjuqt'a,
648 2226 674 2268 in
682 2222 746 2285 quod
756 2237 837 2268 omnea
847 2223 906 2267 Pier.
917 2234 940 2266 et
948 2223 1026 2266 lleint.
1038 2233 1060 2266 et
1071 2235 1117 2267 tres
1125 2219 1195 2265 Goth.

150 2305 171 2335 c.
184 2291 230 2335 urs.
244 2294 405 2348 contendunt,
419 2305 504 2354 praeter
515 2292 612 2339 Mentel.
625 2310 661 2356 pr.
674 2291 776 2338 conubia.
791 2292 837 2337 Sed
852 2290 974 2354 aliquoties
983 2293 1031 2352 jam
1043 2289 1142 2338 vidimus
1155 2291 1196 2334 tti-

149 2358 398 2424 eyllabumeotmubju.
411 2363 484 2408 Porro
495 2379 536 2425 qu.
548 2364 631 2410 lloret.
644 2379 697 2410 cum
709 2378 745 2426 pt.
756 2361 837 2408 llamb.
848 2362 935 2407 omittit
943 2368 972 2404 et.
985 2384 1016 2394 -
1028 2359 1080 2404 558.
1094 2361 1139 2420 ipse
1151 2357 1196 2402 ali·

150 2443 210 2492 quot
222 2431 276 2476 edd.
290 2445 313 2478 et
325 2433 394 2478 codd.
406 2452 428 2480 v.
444 2449 494 2480 tto.
502 2459 533 2469 --
541 2437 593 2495 559.
606 2438 627 2480 ti
636 2451 682 2500 quo
693 2435 759 2480 motio
769 2433 829 2479 alter
838 2432 921 2478 llamb.
931 2441 965 2477 est
974 2431 1038 2477 deeet
1048 2429 1127 2476 multia
1136 2431 1196 2475 l‘iot.

150 2513 174 2546 ee
187 2503 264 2549 lleim.
283 2529 315 2540 -
334 2504 385 2552 560.
396 2521 473 2570 pettam
483 2507 564 2552 llamb.
575 2525 610 2570 pr.
628 2533 660 2543 -
679 2508 731 2552 565.
744 2503 831 2552 extollit
843 2503 948 2551 Pan-liae.
961 2501 1072 2568 nequitus
1082 2503 1197 2563 Trappiue

149 2585 202 2632 poet
217 2572 371 2634 Cuoioghata.
389 2575 541 2632 emendabat,
558 2591 584 2624 ut
599 2579 739 2624 membrana·
756 2588 833 2622 emetat
849 2574 951 2630 alat-unu
967 2589 1048 2636 petum
1063 2571 1163 2618 feliciter
1174 2587 1195 2614 v.

149 2643 201 2687 Not.
210 2645 300 2700 -565,
307 2654 386 2708 petent
396 2647 478 2694 Franc.
487 2664 557 2711 super
564 2665 587 2694 tt.
598 2650 646 2696 duo
656 2665 709 2695 cum
717 2649 759 2694 lid.
770 2649 843 2702 llam,
851 2659 932 2694 natum
942 2662 969 2694 ea
978 2643 1119 2708 supervum
1126 2645 1196 2706 junc-

184 2787 234 2841 555
245 2807 284 2860 tq.
299 2791 461 2862 Dignitatem
474 2799 589 2850 orationi
600 2799 647 2848 lu·
697 2808 842 2848 extremam
858 2793 932 2846 bello
945 2793 1059 2864 imponit
1078 2808 1194 2843 manum·

149 2871 226 2920 nonis
238 2871 323 2924 inesse
333 2874 411 2926 facile
422 2893 561 2948 agnoscat.
571 2877 649 2930 Stant
732 2873 890 2942 561-571.
902 2875 979 2926 Nova
987 2873 1072 2927 Furia
1084 2872 1195 2940 species,

150 2945 212 2998 belli
227 2967 328 3004 causta.
349 2955 533 3007 Burmannus:
550 2970 647 3024 certa,
697 2953 770 3026 quod
783 2972 837 3004 non
850 2952 931 3006 modo
944 2951 1015 3004 alata
1028 2962 1067 3002 eat
1079 2947 1124 3018 (ut
1134 2965 1194 3017 sup.

151 3025 224 3090 litto,
247 3041 315 3080 sunt.
339 3031 412 3082 Stare
432 3037 540 3086 omnino
563 3050 647 3105 poetae
697 3033 780 3103 476),
794 3051 885 3084 terum
906 3032 978 3102 quod
997 3041 1133 3100 serpentes
1148 3026 1196 3079 alis

138 3109 199 3175 'pro
218 3125 291 3172 esse,
310 3121 339 3160 ut
357 3109 402 3160 Gr.
421 3110 551 3175 ionaet'mt,
572 3132 649 3166 usua-
698 3113 841 3183 implicitos
861 3111 951 3166 habet.
965 3112 1020 3162 Eut
1037 3127 1077 3163 res
1098 3109 1135 3160 ita
1152 3125 1198 3158 ac-

101 3203 107 3216 ·
150 3196 231 3252 pant,
244 3203 277 3236 ne
297 3187 412 3242 exilitate
430 3193 502 3242 vocis
515 3195 648 3262 poeticam
698 3195 750 3264 cipi
769 3206 876 3263 potest,
897 3205 926 3244 ut
948 3210 1061 3263 anguet,
1081 3192 1127 3261 qui
1145 3205 1195 3258 pto

151 3264 204 3314 vim
234 3266 366 3338 frangant.
395 3269 432 3320 Eo
462 3271 647 3332 referendumt
698 3277 780 3326 comit
799 3287 876 3338 aunt,
895 3275 963 3326 inter
981 3273 1098 3326 volatum
1117 3281 1196 3322 vento

150 3351 220 3393 stant
228 3343 333 3415 proeliu,
345 3359 371 3398 et
382 3349 486 3402 similia.
501 3352 545 3402 Uti
557 3365 647 3404 autem
697 3353 805 3423 impulai
820 3355 889 3404 inter
905 3352 961 3406 alas
974 3361 1120 3404 commotas
1132 3350 1196 3400 atri·

149 3418 202 3474 liae
216 3442 280 3476 voce
293 3441 403 3496 possunt
415 3441 516 3500 poete,
529 3431 648 3502 quiesto-
697 3429 785 3483 deant.
803 3431 902 3482 Locum
923 3430 1065 3484 descensus
1085 3431 1141 3497 ejut
1161 3427 1196 3479 ad

151 3519 179 3552 te
198 3501 295 3556 dieitur
313 3505 398 3574 illud,
420 3507 494 3580 quod
517 3511 647 3562 constitu·
696 3510 807 3574 inferos,
815 3527 869 3562 non
878 3507 975 3576 dicam,
983 3529 1016 3560 an
1025 3511 1125 3579 primus
1134 3526 1198 3577 pro·

150 3593 223 3646 ‘⁰¹⁰2
242 3598 378 3655 paratum,
397 3590 524 3642 effectum
546 3603 593 3644 est.
606 3589 648 3642 Sic
697 3589 787 3642 tulerit
810 3601 906 3660 poeta3
928 3601 1070 3642 esttamen
1091 3587 1135 3639 ille
1157 3589 1195 3638 rei

150 3671 200 3714 stat
210 3664 351 3726 sententie,¹
365 3669 402 3720 sic
414 3679 484 3720 stunt
497 3687 609 3734 caussae,
622 3683 647 3722 et
697 3668 842 3724 admodum
855 3667 1051 3722 accomodatus.
1065 3669 1110 3720 Est
1125 3667 1195 3720 enim

150 3737 212 3792 hino
229 3751 296 3793 state
311 3761 360 3813 pto
380 3745 533 3812 decretum,
550 3748 647 3814 lixum,
696 3751 724 3801 in
738 3749 871 3820 Hirpinis,
883 3767 938 3800 non
954 3748 1032 3820 longe
1045 3747 1079 3802 ab
1091 3747 1196 3800 AEcula·

151 3832 252 3872 eertum
271 3839 337 3874 ease.
358 3853 391 3862 -
408 3825 467 3878 556.
492 3825 551 3896 557.
574 3829 645 3880 coni.
697 3847 732 3880 no
753 3829 844 3900 (nunc
864 3829 978 3890 Fricenti
996 3832 1023 3882 in
1042 3831 1195 3900 Principem

150 3898 211 3952 3¹8·
227 3899 644 3976 3¹9--559.Compatontlliad.
696 3908 811 3980 Neapol.
830 3908 860 3959 ll.
876 3908 1020 3982 ulteriore)
1033 3909 1106 3961 lacus
1125 3921 1194 3961 tetro

151 3997 182 4039 e,
198 3982 256 4030 555.
270 3979 331 4032 555.
346 3981 471 4054 lieliquot
490 3985 553 4037 belli
570 4003 645 4038 nasus
696 3987 785 4042 colore
805 4001 831 4040 et
852 3987 956 4052 odom,
976 4001 1001 4040 et
1020 3990 1088 4042 inter
1107 3989 1196 4059 epira·

151 4061 210 4132 ipsa
222 4058 402 4116 moderabor:
420 4079 445 4116 et
458 4083 521 4120 eane
534 4069 580 4120 inf.
595 4067 643 4139 ⁵7²
696 4069 755 4121 cula
770 4069 862 4120 reterri
880 4067 989 4137 solitus,
1002 4087 1059 4140 que
1071 4067 1193 4124 Plutonia
