3028 4682
271 355 333 424 256

239 539 241 543 ,
264 478 380 531 lunonis
390 488 468 542 artes,
482 487 507 529 et
518 477 551 529 ad
562 491 678 530 evocata
689 477 766 529 Alec-

266 572 309 612 tus
331 558 439 610 fraudes
460 556 598 609 referenda
616 569 693 621 sunt,
709 559 766 627 qui·

265 639 317 690 bus
327 638 475 708 exasperati
486 636 641 688 Latinorum
651 638 765 688 etTurni

265 719 349 770 anirui
370 737 386 768 a
412 719 488 767 novis
511 717 538 766 in
559 716 634 768 Latio
656 715 763 769 sedibus

265 797 397 867 Trojanos
406 794 557 867 probibent.

302 879 333 930 ln
357 878 451 928 Latino
469 887 558 928 tamen
582 874 666 926 mults
688 886 764 938 sunt,

266 975 327 1029 quse
339 974 481 1027 personam
491 957 594 1026 epicam
609 953 764 1006 dedeceant.

266 1038 347 1089 Recte
366 1036 418 1087 hoe
434 1048 604 1098 moueretur,
622 1035 644 1084 si
662 1035 766 1104 epicam

267 1116 326 1180 ille,
337 1133 419 1186 quam
431 1113 539 1179 volunt,
553 1129 695 1184 personum
706 1129 764 1162 sus·

267 1197 373 1258 tineret,
380 1193 486 1256 hocest,
493 1194 515 1243 si
527 1191 612 1242 inhoc
623 1209 683 1261 rege
692 1209 765 1240 sum-

256 1269 257 1272 *
268 1291 407 1330 uiscerum
415 1271 627 1323 verteretur.Nec
634 1285 697 1320 vero
705 1271 766 1320 erui·

268 1373 332 1408 nere
339 1371 399 1405 eum
409 1369 458 1422 par
464 1361 529 1416 erut,
538 1350 558 1398 si
565 1349 670 1399 Turnus
676 1349 703 1398 in
712 1365 767 1398 me-

267 1434 343 1486 dium
354 1443 410 1484 erat
420 1427 593 1481 adducendus
600 1464 609 1491 ,
622 1429 697 1498 isque
706 1444 766 1477 cum

270 1516 353 1566 AEnea
360 1508 571 1582 comparandum
581 1519 627 1558 aut
634 1507 704 1558 enim
713 1505 766 1556 duo

269 1593 353 1646 futuri
361 1602 436 1642 erant
447 1588 544 1652 Turni,
554 1597 600 1637 aut
612 1584 767 1656 simplicitas

270 1673 382 1726 actionis
397 1681 423 1721 et
436 1667 583 1738 argumenti
593 1667 680 1716 unitas
692 1663 768 1715 dese-

271 1752 363 1806 renda.
374 1747 567 1800 Adumbratum
584 1745 662 1794 estin
674 1743 767 1794 Latino

271 1844 390 1884 veterum
408 1844 500 1897 regum
514 1823 681 1893 exemplum,
699 1841 767 1893 quo-

270 1929 331 1964 rum
349 1909 391 1959 vix
408 1905 460 1958 alia
472 1904 635 1969 auctoritas,
648 1920 726 1972 quum
740 1915 769 1954 ut

273 1989 445 2044 consiliorum
453 1983 545 2056 populi
552 1985 687 2055 principes
697 1982 770 2035 belli-

272 2091 325 2144 que
344 2070 426 2121 duces
443 2076 539 2118 esseut.
557 2064 663 2116 Latinus
679 2066 769 2135 itaque

273 2171 327 2204 non
347 2148 427 2202 audet
442 2145 541 2197 bellum
562 2143 706 2216 gerendum
722 2144 770 2196 de·

273 2245 397 2292 trectare,
410 2225 582 2299 poscentibus
592 2225 712 2296 populis:
724 2223 770 2275 lili.

273 2315 335 2377 Vll,
346 2311 393 2378 591
409 2325 466 2378 sqq.
477 2306 566 2373 Quum
581 2317 669 2356 autem
681 2305 771 2354 Turno

275 2383 774 2447 summabelliessetmaudnntlu,Lati·

274 2487 325 2523 nus
333 2467 409 2520 annis
419 2465 506 2536 gravis
515 2481 531 2514 a
543 2481 630 2514 rerum
640 2475 701 2515 actu
714 2473 771 2512 erat

274 2543 459 2601 removendus.
468 2544 560 2611 ltaque
566 2542 671 2591 Turnus
679 2541 770 2610 copias

274 2628 359 2699 cogit,
372 2641 466 2694 agmen
477 2620 565 2682 ducit3
579 2634 605 2671 et
615 2619 649 2670 ad
657 2621 713 2688 ejus
725 2638 772 2670 vo·

273 2711 401 2762 luntatcm
417 2705 443 2754 iu
453 2704 512 2773 ipsa
524 2701 590 2752 urbe
600 2717 674 2750 nov-'e
689 2702 772 2771 eopia

273 2785 479 2841 conscribuntur
499 2780 545 2832 lib.
562 2780 626 2842 vn,
645 2779 695 2848 367
714 2797 771 2850 sqq.

273 2867 357 2919 Turni
382 2875 470 2914 autem
489 2860 565 2912 ferox
585 2859 721 2930 ingenium
741 2877 772 2910 ac

274 2945 401 3000 violentia
428 2940 511 2992 multo
537 2939 620 3010 magis
648 2938 773 2990 elucescit

275 3046 334 3081 curn
346 3024 433 3076 Latini
445 3021 504 3072 miti
515 3039 545 3071 ae
556 3031 692 3070 mansueta
700 3037 774 3070 meu-

274 3124 301 3161 te
328 3117 490 3176 comparata.
517 3100 569 3153 Sed
588 3101 644 3169 ipse
667 3100 772 3152 Turnus

275 3189 335 3262 plus
361 3184 478 3238 audacia
501 3201 532 3234 ae
551 3180 646 3231 vividae
669 3182 772 3232 virtutis

274 3268 374 3332 habet,
394 3281 474 3334 quam
492 3262 596 3312 AEncas.
619 3262 700 3312 llccte
720 3263 774 3312 uti-

277 3368 347 3421 que,
371 3364 403 3396 ne
427 3343 480 3394 duo
507 3354 592 3392 essent
619 3341 715 3392 AEnea.
741 3343 774 3392 Et

275 3429 370 3504 diqnus
401 3436 458 3475 erat
488 3419 654 3472 adversarius
686 3422 773 3472 AEuese

277 3503 547 3579 objiciendus.Quum
558 3513 646 3552 autem
656 3499 720 3551 huic
729 3517 771 3550 se-

276 3587 328 3640 mel
341 3596 409 3638 esset
420 3582 520 3633 tributa
532 3582 613 3630 virtus
633 3597 693 3630 cum
709 3597 773 3648 pru-

276 3667 367 3718 dentia
380 3676 406 3714 et
422 3661 571 3712 constantia
584 3659 681 3722 animi,
693 3675 773 3728 quarn

276 3762 319 3797 res
332 3743 447 3794 adversa
460 3751 486 3792 et
504 3757 593 3789 rerum
609 3755 673 3788 usus
689 3751 716 3788 et
728 3755 773 3788 cx-

277 3817 774 3894 perientiaafferresolet;violentailla

277 3916 303 3956 ct
315 3900 455 3954 temeraria
473 3896 604 3948 fortitudo
619 3899 647 3947 iu
665 3899 775 3949 AEneam

277 4001 331 4034 non
346 3977 475 4040 cadebat,
488 3978 579 4027 Turno
596 3976 712 4047 relinqui
727 3995 776 4048 po·

277 4074 353 4114 terat.
372 4060 467 4109 Annon
480 4057 607 4120 Lavinia,
624 4059 646 4107 si
661 4057 776 4110 liberum

514 354 550 418 P.
573 353 806 419 VlllGlLll
830 351 1062 421 MARONIS

814 491 871 530 erat
888 478 983 549 puella
1002 477 1156 544 arbitrium,
1169 478 1313 549 preferen-

814 556 863 609 dus
873 558 967 610 fuisset
976 559 1097 610 Turnus:
1111 559 1220 629 questio
1231 570 1314 610 estex

813 639 910 688 nostris
924 638 1057 703 moribus,
1071 639 1235 709 ingeniisque
1244 639 1314 709 peti·

814 716 1314 781 tn,nonexheroiecevitasseterioribus

813 799 841 848 in
850 799 993 849 femineum
1007 815 1095 850 sexum
1109 800 1244 850 institutis.
1256 797 1315 849 Nee

812 893 877 927 vero
900 877 993 926 Latino
1016 875 1175 948 displicebat
1187 877 1316 942 Turnus,

814 953 943 1026 probatus
954 973 1061 1026 quoquo
1074 957 1167 1007 eximie
1180 955 1315 1026 (sexu,

818 1051 849 1103 19
863 1035 950 1105 sqq.);
964 1035 1091 1105 prodigiis
1105 1047 1208 1086 tantum
1219 1047 1246 1087 et
1259 1053 1303 1084 mo

813 1116 874 1164 nitis
894 1113 1004 1165 tleorum
1027 1125 1163 1166 externum
1188 1130 1315 1185 generum

814 1193 865 1243 sibi
877 1192 1061 1244 asciscendum
1080 1211 1137 1244 esse
1153 1194 1263 1245 Latinus
1276 1179 1303 1243 iri
1315 1225 1317 1230 ,

815 1271 963 1324 tellexerat.

852 1353 963 1402 Potuere
973 1352 1065 1421 utique
1080 1367 1136 1402 esse
1147 1352 1175 1402 in
1186 1349 1316 1419 AEneide,

817 1451 875 1502 que
893 1433 980 1482 minus
1004 1449 1031 1482 se
1051 1429 1198 1501 probarent
1216 1433 1314 1498 vario,

816 1511 927 1575 Tucca,
948 1512 1087 1562 Moeoenati
1107 1510 1149 1562 vel
1173 1511 1315 1583 Augusto:

817 1603 878 1642 sunt
891 1607 998 1660 quoque
1014 1591 1112 1659 passim
1131 1602 1224 1642 notata
1235 1611 1250 1641 a
1266 1611 1318 1643 no·

817 1670 858 1721 bis
870 1669 1015 1736 nonnulla,
1027 1671 1149 1739 inprimis
1166 1672 1192 1720 iu
1205 1669 1317 1723 deorum

817 1751 988 1814 ministeriis,
1010 1767 1104 1819 parum
1124 1749 1257 1802 subtiliter
1276 1750 1318 1802 di·

817 1836 912 1900 gestu,
923 1828 990 1892 alia,
1008 1830 1129 1899 inprimis
1144 1831 1171 1880 in
1190 1831 1318 1880 sermoni·

817 1908 884 1974 bus,
896 1908 1032 1959 rhetorum
1045 1910 1155 1979 argutiis
1164 1910 1316 1979 inquinata,

819 2005 877 2058 quae
892 1986 1033 2058 displicere
1049 2000 1179 2057 possunt:
1198 1987 1245 2039 sed
1261 1987 1318 2040 bae

818 2070 958 2140 profecto,
980 2086 1037 2139 quae
1058 2070 1143 2118 nostri
1164 2070 1212 2120 avi
1232 2069 1318 2120 critici

820 2147 1320 2219 reprehendendaputarunt,istaretute

820 2231 863 2280 vix
878 2229 905 2278 in
924 2228 1084 2299 vituperium
1102 2239 1245 2288 venerunt;
1268 2245 1319 2279 nec

821 2309 929 2359 omnino
949 2325 1009 2359 cum
1028 2321 1128 2359 natura
1149 2308 1319 2378 simplicitate

821 2401 847 2439 et
859 2389 1009 2459 integritate
1020 2389 1176 2459 conjuncta,
1186 2405 1277 2439 verum
1288 2405 1321 2438 ex

819 2479 916 2518 uostrae
933 2469 992 2518 vitae
1009 2467 1117 2519 fastidio
1136 2479 1162 2518 et
1179 2466 1319 2519 stomacho

820 2545 901 2596 ducta
913 2559 983 2597 sunt.
995 2545 1021 2598 si
1034 2565 1079 2598 sex
1088 2547 1249 2617 posterior'es
1259 2546 1321 2598 libri

820 2643 875 2676 non
887 2644 961 2696 aque
971 2625 1149 2680 delectatione
1159 2639 1250 2680 tenent
1262 2628 1320 2679 ani-

821 2721 878 2755 mos
898 2723 999 2775 magnae
1021 2705 1150 2758 lectorum
1167 2710 1266 2778 partis,
1288 2725 1321 2758 ac

821 2787 941 2855 priores;
974 2800 1082 2838 caussas
1105 2789 1161 2856 ejus
1183 2789 1220 2838 rei
1241 2785 1321 2838 facile

822 2863 945 2935 equidem
960 2883 1104 2935 assequor3
1115 2866 1228 2932 scilicet,
1244 2879 1321 2917 utne

821 2944 949 3014 impeturn
958 2945 1051 3010 animi,
1061 2945 1164 2996 sublata
1174 2947 1212 2997 rei
1219 2947 1323 2997 novitu-

822 3033 867 3088 tc,
892 3036 1010 3075 retusum
1038 3043 1262 3088 rememorem,
1287 3023 1323 3076 ad

824 3120 867 3154 sex
874 3105 1035 3174 posteriores
1045 3103 1128 3156 libros
1135 3104 1322 3176 intelligendos

822 3181 949 3236 doctrina·
965 3182 1039 3235 haud
1054 3185 1169 3254 vulgaris
1188 3186 1268 3256 copia
1283 3203 1324 3235 rc·

822 3280 934 3334 rumque
948 3264 1064 3332 antiqua
1074 3263 1155 3315 ltalia·
1166 3265 1274 3314 scicntia
1284 3281 1324 3314 re·

823 3343 952 3410 quiritur;
970 3342 992 3392 is
1013 3353 1115 3406 nutem,
1134 3343 1223 3412 quiin
1243 3340 1321 3392 rebus

821 3420 1322 3492 versaturobscuris,porumquenotis,

822 3499 945 3570 adeoque
964 3499 1134 3566 difficilibus,
1155 3500 1203 3552 ubi
1221 3501 1322 3554 laboris

821 3580 942 3633 molestia
954 3579 1118 3651 voluptatem
1135 3583 1286 3652 intercipit,
1297 3593 1322 3633 et

822 3663 1006 3732 ingravescens
1030 3661 1265 3718 tandemtscdium
1293 3661 1324 3713 li·

822 3740 900 3792 brum
922 3759 1003 3792 manu
1029 3743 1144 3802 excutit,
1170 3761 1222 3793 uon
1244 3740 1323 3792 facile

824 3823 880 3889 ejus
901 3822 939 3871 roi
961 3838 1083 3872 caussam
1104 3827 1132 3871 iu
1151 3839 1178 3872 se
1197 3820 1324 3874 latentem

824 3903 958 3973 agnoseit,
971 3901 1018 3953 sed
1031 3905 1057 3954 in
1072 3915 1182 3954 auctore
1197 3905 1252 3966 rei,
1265 3918 1323 3970 que

822 3980 929 4032 eradium
949 3981 1097 4042 afferebat,
1121 3984 1228 4051 reperit.
1248 3979 1323 4031 rideo

824 4059 933 4113 difficile
954 4072 993 4111 est
1011 4061 1038 4111 in
1058 4079 1085 4113 sc
1100 4059 1277 4119 descendere,
1297 4071 1325 4111 st
