2956 4680
507 373 568 438 an
592 373 791 480 uranon
814 375 900 439 vir.
1158 376 1219 468 395

186 497 351 552 Incredibilis
362 511 401 551 est
410 497 597 570 superstitiosa
609 496 772 548 credulitatis
784 511 903 549 veterum
919 497 990 550 circs
1001 515 1104 554 venena
1118 519 1221 554 eorum-

188 597 239 649 que
251 579 424 630 medicamina
440 579 561 628 varietus.
576 575 669 627 Videat
684 575 780 646 aliquis
791 575 832 627 vel
848 574 965 627 indicem
977 576 1053 630 Plinii
1065 581 1092 631 iu
1104 583 1222 630 Veneno-

188 675 245 708 rum
259 655 375 710 Medelis.
390 655 518 726 Archippi
527 656 595 726 regis
607 673 703 706 nomen
715 667 796 725 poeta
806 673 837 706 ex
848 653 965 706 historiis
976 659 1086 728 accepit.
1099 659 1164 710 Plin.
1175 659 1222 722 tlt,

189 751 218 787 ta
237 733 373 788 Gellianus
383 746 474 786 auctor
487 743 537 799 est,
550 733 610 785 lucu
623 733 721 784 Fucino
737 732 858 783 haustum
871 733 1017 784 Marsorum
1028 737 1152 806 oppidum
1170 735 1222 788 Ar-

187 814 282 886 chippe
288 852 298 879 ‚
308 815 442 866 conditum
454 833 470 864 u
482 815 607 884 Marsya,
620 813 685 863 duce
696 811 835 882 Lydorum.
847 811 948 864 Similia
958 811 1039 864 Solin.
1053 833 1075 865 c.
1090 833 1103 866 2
1114 835 1155 886 pr.

220 895 279 964 761.
294 895 364 946 lnter
375 895 453 946 urbes
466 893 562 958 ltalia,
574 893 669 965 quibus
681 892 771 943 Graeca
783 893 857 962 origo
869 892 968 942 tributa
977 893 1043 958 fuit,
1056 893 1145 946 Aricia
1156 911 1222 964 quo·

187 992 239 1044 que
251 987 303 1039 est,
316 976 383 1026 Latii
395 973 466 1026 haud
478 967 594 1046 ignobile
606 971 742 1043 oppidum.
756 972 785 1021 ln
797 973 918 1042 proximo
929 991 1039 1025 nemore
1049 974 1134 1025 Diana
1146 991 1223 1044 pere·

186 1052 262 1124 qrino
275 1072 347 1104 more
357 1053 408 1104 fuit
420 1051 505 1104 culta:
520 1069 600 1122 quum
611 1052 691 1102 sacris
703 1062 827 1121 praesset
836 1049 961 1121 fugitivus
972 1069 1071 1116 sersus,
1080 1053 1122 1104 cui
1133 1049 1223 1122 qladio

186 1129 390 1204 depugnandum
410 1145 467 1184 erat
485 1131 609 1184 adversus
625 1148 817 1202 quemcumque
833 1130 913 1182 alium
926 1149 1044 1196 servum,
1058 1134 1103 1202 qui
1117 1133 1142 1183 ei
1152 1133 1222 1182 victo

186 1211 213 1261 in
225 1211 400 1264 sacerdotium
418 1211 559 1264 succedere
572 1221 692 1282 poterat;
707 1207 791 1273 issu
798 1208 946 1272 μονομαχίας
961 1209 1078 1280 appellat
1092 1211 1167 1260 Psus.
1183 1209 1223 1274 11,

187 1307 235 1360 27,
245 1309 272 1362 p.
288 1292 344 1360 173.
358 1289 468 1344 Videtur
479 1291 571 1363 religio
584 1289 661 1342 ludus
670 1287 841 1360 gladiatorios
854 1289 1036 1353 constituisse,
1046 1287 1093 1340 sed
1105 1291 1172 1338 inter
1183 1288 1224 1337 fu·

186 1372 291 1442 qitiros,
300 1385 328 1423 ut
338 1373 422 1424 victor
433 1390 482 1444 pro
496 1391 557 1442 rege
569 1368 705 1422 Nemorali
718 1381 794 1420 essct.
802 1369 867 1436 Quae
877 1368 971 1440 religio
984 1387 1064 1440 quum
1075 1367 1223 1440 Scytbicum

187 1452 266 1502 ritum
276 1453 374 1504 referre
388 1449 537 1516 videretur,
553 1451 655 1503 narrari
667 1449 745 1522 uulgo
760 1463 889 1520 coeptum,
901 1449 1025 1520 Scythicas
1036 1449 1127 1500 Dianae
1143 1449 1224 1500 simu-

185 1527 288 1582 lacrum
305 1531 338 1582 ub
351 1531 443 1584 Oreste
458 1532 491 1584 de
508 1533 623 1583 Taurica
632 1529 801 1601 deportatum
813 1531 840 1580 in
853 1529 952 1580 eoloco
964 1547 1019 1582 esse
1031 1541 1223 1582 consecratum.

186 1609 238 1661 uid.
252 1609 332 1662 Solia.
348 1629 361 1662 a
375 1632 436 1683 paq.
454 1613 483 1664 13
495 1612 532 1678 C,
549 1623 575 1663 et
592 1612 658 1662 alios
675 1609 747 1680 apud
763 1609 914 1661 Cluverium
926 1629 986 1681 pag.
1000 1627 1048 1680 921
1065 1628 1138 1680 seqq.
1152 1609 1223 1660 conf.

185 1709 242 1762 sup.
258 1693 332 1744 Tam.
347 1696 418 1746 lVit.
429 1694 522 1765 virgil.
538 1694 559 1763 §.
574 1694 615 1745 85.
632 1693 690 1763 Egit
701 1691 735 1743 de
745 1693 832 1744 Aricia
845 1691 984 1762 diligenter
999 1705 1059 1762 post
1071 1691 1223 1744 Gluverium

184 1769 296 1842 Vulpius
307 1775 364 1824 Vct.
376 1775 443 1826 Latii
455 1773 502 1824 lib.
516 1774 591 1838 xltt,
603 1771 678 1822 Tam.
694 1772 741 1823 Vll
748 1810 757 1839 ‚
773 1790 834 1842 paq.
852 1787 987 1842 179seqq.
1003 1783 1029 1822 et
1041 1790 1126 1842 nuper
1141 1771 1224 1820 Ema-

186 1847 250 1900 nuel
260 1851 372 1904 Lucidus
386 1852 514 1904 Memoris
529 1851 646 1904 Storiche
656 1879 690 1889 -
702 1847 765 1901 dell'
776 1849 882 1902 Ariccio
896 1851 985 1901 Romae
1001 1853 1074 1920 1796.
1088 1851 1118 1902 ln
1131 1848 1225 1902 eotleus

185 1927 276 1980 Dianae
293 1930 392 2000 templo
408 1931 487 1982 beros
506 1929 630 2001 indigena
646 1930 752 1982 Virbius
768 1928 803 1997 (a
816 1947 869 2000 quo
882 1941 908 1980 et
920 1929 995 1980 collis
1008 1930 1115 1982 Virbius
1128 1947 1224 1980 nomen

187 2005 276 2070 duxit,
289 2007 322 2058 de
333 2025 386 2076 quo
396 2026 420 2057 v.
436 2008 587 2076 Cupmurtin
597 2007 628 2056 de
640 2006 749 2076 Clruupy
759 2043 767 2070 ,
779 2007 879 2058 uranon
890 2006 921 2056 de
931 2025 1074 2078 campoque
1084 2005 1224 2070 d'Horoce,

186 2085 262 2135 Tum.
276 2087 315 2150 ll,
327 2104 353 2155 p.
371 2101 417 2154 ¹¹7
427 2085 518 2156 seqq.)
531 2083 675 2136 domestica
688 2085 815 2154 religione
825 2084 910 2134 cultus
921 2086 1003 2135 luisse
1013 2085 1132 2148 videtur,
1147 2103 1225 2154 quem

188 2181 218 2214 ex
231 2161 322 2234 aliqua
338 2180 385 2214 scu
397 2163 524 2215 formast
539 2162 741 2226 attributorum,
754 2179 801 2214 seu
810 2163 879 2213 forte
892 2162 1042 2214 fabularum
1055 2162 1225 2215 similitudine

187 2241 358 2313 Hippolytum
371 2243 482 2294 seriores
495 2243 660 2312 interpretati
672 2255 748 2294 sunt:
760 2243 809 2292 nisi
822 2240 855 2291 ad
868 2254 1043 2294 commentum
1054 2241 1120 2293 illud
1130 2260 1226 2294 nomen

186 2322 286 2386 virbii,
302 2323 339 2374 his
350 2321 416 2386 uiri,
428 2321 575 2387 amphisa,
588 2323 707 2390 ritusque
719 2321 857 2392 religiosus
870 2322 977 2374 arcendi
991 2339 1073 2392 equos
1086 2341 1101 2372 a
1112 2321 1174 2372 luco
1183 2320 1225 2391 (v.

185 2401 232 2453 int.
246 2403 311 2472 778)
321 2402 410 2454 duxit:
424 2415 454 2452 ut
464 2403 559 2452 veteris
572 2401 655 2454 cladis
666 2402 819 2454 memoriam
830 2402 952 2453 renovari
961 2401 1037 2454 heroi
1049 2401 1159 2454 nollent.
1172 2399 1226 2452 Atl-

187 2479 242 2532 dita
251 2479 313 2532 hinc
321 2482 438 2533 narratio
448 2479 481 2532 (le
489 2479 631 2551 llippolyto
640 2499 654 2531 e
664 2481 775 2531 mortuis
788 2478 899 2530 reducto
912 2493 938 2531 et
950 2483 976 2530 iu
987 2497 1079 2534 nemus
1088 2481 1225 2532 aricinum

187 2577 203 2610 a
216 2559 302 2612 Diana
317 2561 442 2613 abducto.
454 2581 479 2611 v.
492 2559 570 2612 Ouid.
584 2561 647 2612 Met.
663 2561 724 2625 XV,
738 2558 786 2612 532
801 2577 875 2630 seqq.
892 2561 957 2612 Eam
971 2560 1090 2612 fabulam
1101 2561 1226 2612 Aricino·

186 2656 244 2690 rum
263 2638 434 2692 domesticam
453 2641 551 2704 fuisse,
568 2658 598 2690 ex
616 2639 746 2692 Pausania
758 2638 913 2710 intelligitur
925 2639 971 2691 lib.
988 2641 1028 2704 ll,
1045 2659 1069 2692 r.
1087 2657 1128 2708 ²7·
1149 2639 1227 2690 Nunc

184 2730 265 2787 poeta
276 2718 392 2770 Ariciam
404 2718 546 2789 nympham
556 2721 620 2770 lacit
629 2718 713 2790 (quod
723 2720 806 2790 magis
817 2717 919 2788 placet,
931 2738 1011 2789 quam
1023 2732 1052 2770 ut
1063 2720 1153 2772 Aricia
1162 2718 1227 2770 urbs

184 2796 234 2859 sit,
247 2798 295 2846 ctsi
311 2797 349 2848 sic
364 2796 410 2848 lib.
426 2798 463 2865 X,
484 2814 530 2866 ¹72
543 2796 695 2868 Populonia
712 2797 824 2867 mater),
839 2814 896 2866 quta
913 2816 945 2849 ex
957 2797 1100 2868 Hippolyto
1122 2797 1226 2867 peperit

184 2875 312 2940 llirbium.
327 2877 418 2929 Multis
431 2877 516 2930 modis
532 2891 642 2930 tractata
657 2890 696 2930 est
712 2877 805 2929 fabula
822 2876 856 2928 ab
876 2877 933 2928 aliis
945 2899 951 2928 :
965 2877 1036 2930 unde
1049 2877 1158 2929 diversa
1175 2876 1225 2928 illte
1261 2915 1264 2922 .

186 2955 425 3006 Grammaticorum
442 2959 567 3008 rationes.

222 3037 272 3104 783
285 3053 360 3106 seqq.
373 3036 413 3088 De
427 3037 516 3088 Turno
529 3039 638 3107 ejusque
651 3039 752 3109 origine
765 3035 864 3088 dictum
878 3049 917 3088 cst
927 3039 1044 3090 Excursu
1054 3037 1109 3088 Vll.
1120 3035 1224 3086 Tribuit

187 3114 211 3164 ei
221 3125 299 3182 poeta
310 3131 333 3162 v.
346 3104 397 3181 79⁸3
407 3131 479 3183 seqq.
492 3133 600 3185 reguum
613 3118 640 3166 in
652 3113 777 3180 Rutulos,
788 3134 900 3187 quorum
911 3131 990 3186 caput
999 3116 1103 3177 dudem
1114 3115 1227 3166 Acceusi

188 3191 215 3244 bi
230 3193 346 3252 Latinis;
363 3194 411 3243 etsi
428 3192 560 3244 interdum
573 3193 605 3244 de
621 3194 654 3244 iis
666 3195 703 3245 ita
720 3193 833 3245 traditur
844 3205 872 3244 ut
886 3211 931 3244 eos
944 3193 1051 3246 aliunde
1063 3195 1226 3265 immigrasse

185 3282 280 3342 putes:
298 3271 349 3321 nisi
361 3269 413 3321 lroc
429 3268 464 3321 ad
478 3269 602 3322 Daunum
617 3283 719 3322 tantum
737 3283 854 3341 spectat,
871 3272 953 3323 Turni
965 3285 1086 3343 patrem,
1104 3274 1149 3342 qui
1166 3289 1227 3321 cum

186 3350 295 3401 lisuniis
308 3361 405 3400 terram
417 3347 544 3401 insedisse
554 3349 666 3401 videtur.
679 3349 776 3402 Saltem
789 3351 855 3410 illl,
868 3368 900 3402 aa
913 3352 983 3403 Sunt
994 3351 1042 3401 tihi
1054 3368 1133 3422 regnu
1143 3347 1228 3421 putris

186 3428 290 3493 Dauni,
302 3439 363 3478 sunt
374 3428 470 3499 oppidu
482 3439 558 3498 captu
570 3427 658 3479 Multa
672 3447 762 3480 manu.
775 3430 804 3479 ln
818 3431 948 3500 excerptis
960 3429 1076 3499 Appiani
1089 3427 1135 3480 lib.
1148 3429 1159 3477 l
1174 3427 1229 3478 lits-

188 3504 239 3557 tuli
253 3505 383 3576 Tyrrheni
395 3520 590 3568 memorantur;
607 3507 653 3558 sed
665 3509 774 3570 vitiose3
793 3507 866 3578 quod
881 3510 959 3560 etium
978 3510 1080 3558 monuit
1094 3525 1180 3578 nuper
1193 3505 1226 3558 cl.

186 3584 286 3635 Editor.
304 3584 394 3655 Copiis
412 3605 428 3637 a
442 3588 533 3638 Turno
551 3585 671 3638 adductis
689 3600 811 3640 accenset
826 3601 907 3658 poeta
924 3589 1003 3639 otiam
1019 3587 1173 3653 Auruncos,
1191 3587 1228 3638 cis

187 3666 266 3716 Lirim
279 3665 380 3718 scilicet
391 3665 557 3732 habitantes,
573 3667 692 3738 aliosque
706 3667 820 3721 aTiberi
834 3668 895 3720 inde
908 3667 942 3720 ad
956 3669 1080 3720 Ufentem
1089 3684 1173 3737 usque
1188 3667 1230 3718 in·

187 3744 303 3796 colentes
317 3745 448 3816 populos:
468 3765 534 3818 quos
547 3760 635 3799 tamen
646 3765 718 3800 nunc
735 3747 785 3799 snb
799 3750 910 3819 imperio
923 3747 1023 3798 habere
1035 3745 1119 3797 videri
1131 3745 1226 3811 debet,

187 3825 312 3894 quoniam
325 3825 427 3890 Latini,
441 3825 540 3876 bellum
555 3828 716 3892 recusantis,
734 3840 823 3898 partes
842 3839 867 3878 et
883 3827 974 3877 munia
990 3826 1047 3894 ipso
1066 3837 1228 3894 susceperat.

188 3904 258 3954 conf.
273 3905 319 3954 inf.
333 3916 389 3954 not.
404 3904 438 3956 acl
448 3905 566 3974 Xl‚3r·7.
575 3904 683 3957 Etinter
692 3904 741 3966 bos
753 3905 858 3976 quidem
868 3904 959 3956 Sicani
969 3902 1003 3954 ud
1010 3903 1126 3955 Tiberim
1135 3901 1228 3954 viden·

185 3995 229 4032 tur
241 3999 255 4031 a
266 3992 344 4050 poeta
356 3980 482 4032 collocari
492 3981 537 4033 lib.
551 3983 602 4050 xl,
613 3983 664 4054 317
674 3987 701 4036 iu
714 3983 809 4036 finibus
819 3984 992 4035 Rutulorum:
1006 4000 1053 4034 seu
1064 3981 1136 4052 quod
1146 3994 1229 4053 poeta

185 4060 292 4114 Sicanos
303 4077 353 4130 pro
367 4059 459 4116 Siculis
470 4063 568 4134 posuit.
582 4063 653 4116 coni.
665 4064 772 4116 Excurs.
785 4065 809 4114 11
822 4062 856 4115 ad
867 4063 935 4128 vm,
945 4061 1004 4129 314.
1016 4061 1082 4121 328;
1095 4079 1141 4112 scu
1155 4057 1230 4130 quod
