3028 4682
504 356 566 419 ΑΒ
588 353 789 420 utuuuu
812 354 875 418 vr.
1149 364 1213 453 237

210 474 270 546 lpse
281 486 362 548 poeta
371 488 520 550 temporum
532 491 609 530 notas
622 476 696 529 dedit
706 477 769 538 has,
781 495 885 530 sacrum
896 473 952 528 ficri
964 487 1060 530 noctu:
1079 481 1127 537 252
1148 505 1211 538 noc.

176 561 265 607 turnus
274 555 381 607 inchoat
389 575 455 610 crat.
463 555 531 608 Tum
544 556 648 620 litatur,
658 575 762 608 sacrum
772 555 801 606 fit
808 569 911 620 ratum,
924 575 1016 627 preces
1028 563 1213 635 exaudiuntur,

177 632 265 686 aditus
278 633 312 685 ad
323 634 383 687 loca
402 636 488 689 infera
499 648 591 708 patet:
609 635 693 708 primi
702 637 748 689 sub
769 634 872 687 lumina
886 633 945 688 solis
956 647 982 687 et
999 649 1065 692 ortus
1078 642 1128 696 255
1139 675 1173 684 —
1186 660 1212 698 et

177 712 317 764 confestim
335 717 404 768 vium
416 715 600 788 ingrediuntur
611 718 706 768 AEneas
719 728 745 768 et
757 715 855 786 Sibylla
871 716 1013 767 antediem
1030 730 1124 772 ortum.
1136 725 1214 778 Pers.

177 804 253 864 grata
267 805 327 845 sunt
339 791 400 848 loca
411 797 473 850 inde
486 817 502 850 a
515 799 602 870 primo
615 799 735 868 ingressu
749 795 784 848 ad
797 795 916 849 Plutonis
929 798 1027 868 regiam
1038 817 1095 868 quae
1109 807 1213 878 prospi.

178 873 261 936 citur,
280 886 306 926 et
318 893 333 926 a
346 873 410 928 lava
421 875 564 930 Tartarusr
578 891 632 930 tum
650 877 828 948 interponitur
846 875 899 928 536
920 877 978 928 Hoc
995 878 1050 930 uice
1066 899 1213 938 sermonum

177 949 263 1021 (inter
274 955 382 1008 AEneam
398 969 425 1009 et
442 955 643 1030 Deiphobum),
663 957 737 1008 ruscis
754 955 857 1008 Aurora
871 956 1005 1029 quodriqis
1020 960 1081 1010 dam
1099 964 1213 1016 medium

178 1030 285 1084 oetlrerio
302 1052 377 1087 cursu
396 1040 530 1109 trajecerat
542 1055 625 1089 axem.
647 1037 740 1106 ltuque
753 1035 853 1107 Sibylla
871 1037 971 1088 affatur
985 1056 1045 1091 eos:
1067 1041 1128 1092 Nox
1146 1047 1214 1111 ruit,

178 1107 280 1173 AEnea3
294 1113 435 1189 norflendo
444 1117 564 1170 ducimus
574 1116 655 1168 horus.

215 1185 242 1238 Si
252 1189 333 1242 verba
347 1205 432 1262 poeta
442 1193 642 1267 interpretando
654 1196 786 1265 sequeris,
798 1207 853 1246 uon
864 1193 916 1246 uisi
933 1192 967 1246 de
980 1195 1070 1248 eadem
1082 1196 1130 1249 itta
1143 1213 1217 1254 nocte

181 1269 266 1338 accipi
276 1268 332 1322 baec
342 1287 470 1343 possunt,
485 1294 538 1348 qua
549 1292 621 1328 sacra
628 1313 637 1340 ‚
650 1291 710 1326 cum
726 1273 780 1344 ipso
792 1273 926 1338 desceruu,
933 1272 1010 1343 facta
1021 1287 1086 1328 sunt.
1104 1281 1216 1352 Exiguus

180 1341 233 1396 hoc
252 1350 367 1404 rationes
381 1355 565 1424 grammatice.
578 1353 682 1406 Aurora
701 1353 765 1404 facit
784 1351 924 1404 decursum
937 1369 1014 1404 suum
1032 1355 1166 1429 quadrigis
1183 1360 1218 1412 ab

180 1425 283 1480 oriente
295 1444 395 1496 evecta,
406 1452 459 1485 non
472 1433 524 1486 alio
537 1433 617 1486 modo
628 1452 708 1505 quam
716 1431 777 1496 Sol,
788 1433 833 1503 qui
844 1449 903 1482 eam
915 1431 1092 1504 subsequitur.
1105 1437 1175 1510 Ergo
1186 1457 1218 1490 ea

181 1503 316 1578 quadriqir
328 1511 402 1563 roseis
413 1531 490 1564 cursu
508 1512 614 1566 oetlterio
637 1510 735 1583 trajicit
749 1507 851 1562 culum.
870 1510 948 1562 Nunc
967 1529 998 1562 ea
1014 1515 1148 1583 trajecerat
1157 1519 1218 1588 joni

180 1599 256 1632 axem
268 1587 383 1638 medium
397 1611 404 1639 :
418 1608 473 1642 esse
483 1609 560 1642 axem
571 1591 677 1655 culum,
694 1589 811 1642 dubitari
824 1590 916 1659 nequit
923 1609 933 1654 ς
947 1590 1062 1642 medium
1074 1611 1150 1645 axem
1167 1597 1220 1647 Ro·

182 1677 262 1712 mnnu
274 1682 347 1718 more
363 1685 418 1720 non
429 1672 537 1741 precise
549 1670 585 1723 ad
596 1669 711 1722 mediam
725 1669 780 1722 caeli
800 1681 905 1740 partem
917 1671 1052 1737 revocari,
1064 1671 1112 1724 sed
1130 1676 1219 1728 omnia

182 1736 236 1790 dici
247 1742 348 1812 media,
362 1765 420 1818 quae
438 1763 500 1802 sunt
517 1752 586 1802 intra
605 1763 734 1802 extremos
746 1747 824 1812 lines,
837 1748 927 1802 multis
944 1749 1062 1801 virorum
1080 1749 1220 1806 ductorum

182 1820 252 1872 notit
265 1822 299 1873 ad
312 1825 408 1880 multos
421 1845 543 1883 auctores
555 1833 684 1882 monitum
696 1843 750 1891 est3
772 1827 946 1900 intelligenda
962 1828 1029 1882 adeo
1042 1843 1127 1901 poeta
1138 1836 1220 1887 rerba

183 1913 260 1952 crunt
268 1901 301 1955 de
312 1903 355 1959 die
365 1921 423 1960 orto
432 1926 492 1982 post
502 1911 647 1963 diluculum
654 1913 710 1980 jam
720 1909 868 1981 depulsum.
879 1909 944 1960 Etsi
958 1909 1124 1983 subjungitur
1135 1936 1141 1964 ι
1160 1915 1222 1966 Nox

184 1979 248 2044 ruit,
256 1983 353 2050 Enete,
361 1986 452 2042 hocex
461 1992 519 2062 ipsa
530 2011 571 2056 re,
585 1990 657 2062 quod
667 1991 739 2042 bona
749 1990 933 2060 interpretatio
943 1990 1076 2060 postulat,
1090 1994 1139 2044 erit
1152 1997 1221 2046 acci·

184 2059 326 2128 piendum,
336 2067 422 2119 verbis
435 2088 489 2122 non
497 2089 587 2124 severe
595 2071 701 2122 exactis.
710 2069 771 2120 Nox
778 2068 860 2133 abiit,
870 2067 926 2119 dies
931 2071 986 2137 jam
994 2083 1099 2122 exortus
1109 2085 1147 2124 est
1157 2093 1164 2134 ;
1173 2078 1221 2126 etsi

186 2155 277 2192 sensus
290 2143 368 2196 facile
381 2165 597 2221 unumquemque
610 2148 719 2213 docent,
733 2146 835 2197 duriter
845 2145 898 2196 hoc
910 2144 1010 2197 dictum
1021 2165 1087 2200 esse.
1107 2152 1147 2202 lta
1159 2169 1222 2205 sune

185 2225 356 2288 grammatice
368 2228 491 2298 expedita
502 2241 563 2281 sunt
573 2229 670 2280 omnia.
685 2227 826 2280 Enimvero
839 2226 876 2275 ite
886 2223 921 2275 ad
932 2226 1088 2278 miraculum
1107 2229 1223 2284 adducta

187 2314 229 2348 res
236 2313 284 2366 est,
295 2303 326 2367 si,
336 2323 416 2374 quum
424 2309 474 2360 iter
482 2309 592 2380 ingressi
605 2319 702 2374 esseut,
710 2307 766 2375 jam
775 2304 825 2356 sub
835 2303 945 2355 diluculi
953 2317 1055 2374 tempus
1067 2327 1074 2356 ε
1084 2308 1168 2377 primi
1177 2311 1224 2361 sub

189 2374 293 2432 lumina
303 2381 364 2437 sotis
377 2397 403 2438 et
417 2398 487 2441 ortru
497 2407 521 2441 v.
537 2387 601 2454 255,
613 2406 685 2439 nuuc
696 2385 798 2438 Aurum
808 2386 865 2455 jam
879 2383 907 2434 in
918 2381 1011 2435 coelum
1022 2382 1103 2438 altitu
1114 2403 1223 2456 evecta,

188 2460 259 2512 intra
278 2475 331 2516 tam
348 2465 427 2520 breve
450 2471 575 2540 temporis
589 2466 771 2532 intervallum,
782 2467 852 2518 iuter
870 2463 1014 2516 diluculum
1028 2478 1054 2517 et
1066 2465 1119 2519 diei
1138 2483 1224 2521 ortum

188 2553 289 2594 certum
302 2556 327 2594 et
342 2546 458 2614 clarum,
471 2561 573 2602 tantum
584 2550 632 2600 vite
646 2547 760 2618 spatium
772 2545 822 2596 fuit
834 2555 980 2614 peractum.

224 2622 366 2679 Videamus
382 2647 454 2680 nunc
466 2628 575 2682 alteram
586 2629 733 2690 rationem,
747 2637 777 2678 ut
789 2643 842 2677 uon
854 2623 948 2676 eadem
961 2637 1039 2677 nocte
1049 2639 1157 2696 peracta
1169 2647 1226 2684 esse

189 2703 280 2754 omnia
290 2702 422 2759 dicautur.
439 2708 485 2760 Est
498 2727 530 2761 ea
547 2726 564 2760 a
579 2707 665 2759 Cerda
678 2705 832 2778 proposita,
848 2721 927 2773 equa
946 2701 989 2754 alii
1008 2707 1123 2774 petiere;
1136 2711 1226 2780 pcraqi

190 2781 240 2832 iter
252 2783 321 2834 intra
337 2785 421 2837 XXIV
431 2786 528 2855 horas,
544 2785 702 2840 sacrificium
720 2795 801 2834 noctu
812 2780 983 2841 inchoatum
999 2784 1086 2833 statim
1103 2783 1164 2837 inde
1177 2786 1226 2838 sub

191 2875 277 2913 ortum
295 2863 361 2916 Solis
369 2869 419 2918 iter
430 2868 535 2934 initum,
547 2879 714 2920 consumtum
731 2866 758 2916 iu
771 2880 803 2916 eo
816 2862 884 2914 diem
892 2871 1023 2932 posterum
1035 2880 1095 2912 cum
1105 2876 1180 2916 nocte
1190 2867 1229 2918 in-

189 2955 311 3014 sequente
328 2963 407 3017 usque
420 2949 456 2998 ud
465 2947 575 3000 alterum
589 2947 728 3000 Auroram.
741 2947 839 2996 Verum
852 2961 923 2994 nunc
936 2941 962 2993 iu
975 2943 1094 2994 versibus
1107 2943 1157 2996 535
1172 2965 1228 3016 sq,

192 3033 238 3072 aut
251 3021 285 3074 ad
297 3025 403 3078 eosdem
414 3029 538 3098 scopulos
551 3026 769 3089 adharescimus,
782 3039 810 3076 ut
823 3024 885 3088 iter,
896 3022 945 3073 sub
955 3035 1042 3073 ortum
1052 3021 1115 3073 solis
1125 3026 1228 3090 initum,

192 3097 249 3152 sole
262 3113 320 3151 orto
332 3122 381 3173 per
396 3117 435 3156 tot
446 3104 822 3174 locajamcontinuatumsi13
836 3113 882 3152 aut
895 3099 1037 3152 dicendum
1051 3111 1105 3165 est,
1121 3101 1171 3154 iter
1182 3122 1230 3173 per

194 3193 280 3233 totum
292 3183 362 3236 diem
374 3187 557 3254 insequentem
569 3187 622 3254 jam
634 3183 818 3236 continuatum
828 3199 885 3236 esse
898 3197 982 3250 usque
997 3179 1031 3231 ad
1045 3180 1154 3232 alteram
1164 3201 1230 3234 noc-

194 3274 262 3314 tem:
273 3262 335 3316 Nox
344 3265 414 3330 ruit,
427 3266 521 3316 AEneu.
534 3265 621 3316 Habet
630 3263 685 3314 hare
698 3263 881 3332 interpretatio
893 3261 979 3331 primo
994 3277 1051 3310 cam
1064 3261 1152 3312 statim
1165 3261 1232 3314 diffi-

195 3340 337 3408 cultatem,
353 3343 426 3414 quod
443 3344 575 3395 communi
596 3357 715 3394 veterum
733 3342 802 3392 muri
818 3352 845 3392 et
864 3339 984 3410 opinioni
1004 3353 1150 3410 repugnat,
1164 3358 1233 3411 qua,

196 3439 255 3491 quse
265 3421 299 3473 ad
309 3441 385 3476 sacra
397 3425 499 3496 magica
512 3437 538 3476 et
549 3441 591 3475 res
601 3423 701 3474 inferas
713 3431 849 3491 spectant,
862 3420 1014 3470 referuntur
1025 3421 1114 3469 omnia
1125 3419 1157 3470 ud
1170 3439 1235 3472 uoc-

196 3514 257 3553 tcm.
271 3501 457 3557 Coudonemus
471 3517 559 3557 tumen
570 3503 634 3554 hac.
649 3503 752 3553 Aurora
761 3501 816 3568 jem
828 3497 944 3549 medium
955 3515 1030 3547 exem
1042 3497 1119 3548 c'ursu
1131 3501 1235 3570 trajece-

196 3591 252 3645 rat,
265 3593 322 3632 esto
333 3583 437 3634 Aurora
447 3585 503 3655 ipse
513 3581 580 3648 diet,
588 3578 659 3642 Ἢὸσ,
671 3581 773 3648 eritque
781 3580 835 3646 jum
847 3577 900 3628 dies
911 3574 1027 3627 medius:
1037 3577 1098 3626 satis
1111 3593 1236 3648 magnum

197 3679 268 3714 nunc
281 3661 388 3732 quidem
404 3664 492 3716 itineri
511 3683 559 3734 per
575 3663 635 3714 loca
647 3661 733 3712 iniere
749 3658 842 3710 datum
860 3668 900 3708 est
911 3667 1015 3725 tempus
1026 3655 1129 3717 AEnee3
1144 3675 1236 3710 venun

197 3761 268 3795 nuuc
281 3745 369 3795 statim
382 3756 442 3814 post
459 3743 528 3795 diem
543 3743 673 3806 medium,
687 3741 749 3792 Nox
761 3739 830 3803 ruit,
845 3737 925 3790 AEnea
937 3757 943 3786 :
956 3734 982 3786 lt.
992 3754 1015 3786 e.
1030 3734 1235 3807 advesperascit.

197 3821 266 3873 Saue
278 3814 386 3892 quidem
400 3833 452 3874 nux
464 3841 570 3893 quoque
588 3819 726 3874 mendici
740 3830 845 3890 potest:
861 3815 894 3868 tle
907 3833 960 3885 quo
973 3832 1050 3866 nemo
1067 3813 1186 3879 dubitem
1199 3819 1238 3869 sic

198 3920 257 3972 sup.
266 3903 298 3966 ΙΙ,
313 3901 377 3955 abo:
391 3902 614 3956 Vertiturinterea
625 3897 718 3952 culum
728 3909 755 3950 et
763 3897 818 3948 nsit
830 3913 926 3948 oceano
943 3911 1003 3945 nox.
1016 3893 1085 3959 Vlll,
1098 3893 1150 3965 369
1160 3916 1166 3944 ε
1177 3895 1239 3948 Non

199 3983 254 4036 ruit
262 4020 270 4047 ,
279 3993 305 4034 et
310 3981 394 4052 fuscis
402 3979 521 4034 tellurem
533 3979 703 4052 amplectitur
713 3976 770 4030 alis.
782 3979 821 4030 ltu
834 3979 912 4029 etiam
923 3974 1070 4026 dietericus
1083 3974 1137 4025 ruit
1146 3975 1193 4026 inf.
1204 3975 1239 4043 X,

200 4061 258 4118 256.
272 4063 371 4118 Verum
380 4061 426 4116 Sul
434 4081 540 4136 quoque
550 4060 667 4114 occidens
679 4059 733 4112 ruit
743 4059 803 4128 (lib.
817 4059 868 4122 lll,
881 4055 931 4112 508
939 4057 960 4126 )‚
971 4065 995 4108 ct
1006 4065 1104 4106 montes
1116 4055 1239 4106 umbran-
