3022 4682
312 404 371 492 17s
472 351 474 358 ¹
558 401 592 463 r.
617 393 847 462 vinetnu
871 397 1103 464 Minonis

308 530 371 594 Hic
383 547 511 605 manus,
526 523 569 589 ob
582 526 719 612 patriam
731 523 910 612 pugnando
922 525 1056 588 volnera
1068 524 1170 614 passi;
1299 535 1349 582 oo·

307 635 439 722 Quique
452 628 637 697 sacerdotes
650 631 743 709 casti,
758 629 837 693 dum
851 631 915 693 vita
927 631 1094 710 manebat;

306 741 437 828 Quique
450 738 496 826 pii
510 753 612 814 vates,
628 752 660 798 et
673 735 797 800 Phoebo
810 736 908 822 digna
921 735 1038 816 locuti;

307 849 460 910 Inventas
471 861 528 909 aut
541 845 598 933 qui
612 844 712 908 vitam
726 843 899 908 excoluere
912 865 972 931 per
983 844 1077 922 artis;

305 953 437 1041 Quique
450 951 500 1015 sui
514 971 678 1014 memores
690 949 772 1014 alios
784 951 892 1015 fecere
905 947 1080 1028 merend03

335 1127 390 1174 660.
400 1141 468 1190 passo
479 1128 570 1186 bigot,
582 1142 610 1171 ex
620 1129 742 1188 interpret.
754 1151 785 1162 —
797 1126 851 1172 661.
863 1134 962 1170 monent
970 1125 1060 1170 Nonius
1071 1122 1107 1168 bis
1120 1134 1143 1168 et
1151 1119 1241 1168 zulich.
1251 1139 1264 1167 a
1273 1137 1304 1167 tn.
1314 1138 1352 1184 pr.

304 1223 336 1234 -
347 1196 401 1242 662.
417 1206 440 1242 et
450 1195 516 1242 cedro
527 1196 550 1240 d.
561 1199 624 1243 Serv.
636 1195 666 1242 ad
676 1197 733 1252 vu,
756 1195 806 1258 178.
817 1221 849 1232 ·-
860 1196 912 1243 665.
924 1194 1012 1242 coluere
1024 1211 1069 1239 sec.
1086 1194 1171 1238 lieret.
1184 1219 1214 1228 —
1226 1192 1278 1248 665.
1294 1191 1353 1238 elios

304 1283 368 1320 tecte
382 1281 497 1316 servatam
512 1269 535 1312 in
546 1267 601 1314 edd.
610 1271 665 1332 ,jam
676 1269 731 1315 inde
743 1269 772 1314 ab
784 1268 852 1314 Aldd.
867 1269 912 1314 Alii
927 1267 1023 1332 uquries.
1037 1268 1122 1311 Mirum
1134 1268 1158 1310 in
1174 1265 1234 1312 bene
1245 1267 1353 1311 vitiosam

304 1341 430 1388 lectionem
446 1342 579 1401 conspirare
591 1342 770 1386 vetustissimum
783 1353 806 1387 et
817 1343 932 1402 optimum
943 1354 1075 1404 questique,
1094 1339 1163 1383 etiam
1182 1338 1248 1381 Rom.
1264 1335 1353 1381 Medic.

304 1412 386 1472 lregm.
397 1410 488 1464 Vatis,
500 1408 545 1454 boc
557 1421 634 1454 tamen
647 1426 699 1455 ant.
712 1427 748 1472 pr.

305 1559 421 1630 mythico
430 1558 539 1610 Eridani
552 1577 601 1610 usu
614 1579 710 1612 nomen
723 1561 757 1612 ad
769 1562 804 1611 si·
853 1561 928 1622 nitis,
953 1559 1047 1610 ritibus
1066 1557 1210 1627 religiosis,
1233 1553 1351 1628 legibus,

305 1638 355 1688 dus
368 1637 523 1688 translatum
543 1651 596 1701 est,
615 1651 640 1690 et
656 1638 708 1690 ltoc
721 1639 803 1690 multo
854 1639 1047 1708 institutisque,
1056 1650 1081 1688 et
1093 1653 1194 1686 murum
1202 1636 1350 1704 praeceptis.

305 1718 559 1789 probabilius,quia
570 1720 678 1770 uomina
687 1719 803 1769 siderum
853 1717 926 1769 Nihil
945 1719 997 1768 ista
1015 1730 1090 1768 etate
1110 1729 1197 1767 actum
1216 1727 1352 1786 gestumve

305 1816 319 1848 e
336 1797 435 1848 sabulis
452 1797 567 1866 antiquis
587 1798 707 1866 profecta
724 1810 803 1849 suut:
854 1809 909 1860 est,
921 1799 972 1848 nisi
987 1796 1021 1847 ab
1033 1798 1128 1848 animis
1141 1795 1230 1846 divino
1243 1797 1353 1846 numine

306 1897 339 1929 an
350 1878 437 1929 locum
448 1876 572 1947 figmento
584 1877 720 1940 fecithoc,
731 1875 804 1947 quod
854 1875 957 1927 afflatis.
970 1877 1039 1926 Vere
1051 1887 1108 1926 tum
1120 1875 1235 1926 diceres:
1249 1873 1353 1924 nullum

305 1957 450 2010 Eridanum
465 1959 627 2027 antiquiores
645 1959 672 2007 in
686 1969 802 2009 extremo
853 1973 977 2026 magnum
998 1957 1084 2006 virum
1103 1967 1194 2006 natum
1217 1973 1273 2007 esse
1295 1957 1354 2006 sine

303 2034 802 2108 Europaoccidentelluerecredidere.
853 2033 944 2085 afflatu
969 2033 1068 2084 divino.
1093 2034 1149 2084 Nec
1172 2051 1249 2098 vero,
1272 2050 1353 2102 quam

303 2117 349 2169 Sin
360 2116 412 2168 hae
422 2115 568 2168 subtilitate
581 2119 688 2168 omnino
701 2119 740 2168 vis
760 2135 803 2168 ca·
852 2114 898 2164 diu
909 2115 987 2184 probi
999 2127 1025 2165 et
1041 2113 1185 2184 prudentes
1198 2114 1246 2164 viri
1259 2125 1352 2177 erant,

303 2215 376 2258 rere,
388 2195 554 2266 sequendum
573 2209 626 2260 est,
647 2195 719 2266 quod
734 2197 803 2246 inter
853 2196 897 2262 qui
910 2193 962 2244 deo
974 2192 1135 2244 incalescere
1154 2190 1351 2256 credebantur,

303 2275 429 2327 Serviano
450 2276 587 2327 occurrit:
611 2275 683 2327 «Alii
708 2274 803 2326 Erida-
850 2272 993 2338 habueris,
1013 2272 1086 2344 quod
1105 2272 1176 2344 vulgi
1198 2273 1352 2342 opinionem

303 2374 366 2406 num
379 2373 429 2425 pro
440 2372 600 2425 quecunque
613 2355 762 2424 accipiunt,
777 2367 803 2406 et
852 2350 971 2404 damnes.
991 2352 1138 2404 Sacerdotes
1156 2352 1234 2416 costi,
1249 2353 1295 2421 qui
1308 2369 1353 2402 sa-

303 2433 395 2486 dieunt
419 2432 470 2484 aaa'
495 2428 577 2498 ι’ξοχὺ
601 2433 717 2498 dictum,
741 2453 803 2484 nam
853 2449 996 2499 cracaste,
1012 2453 1077 2505 pure
1099 2453 1130 2484 ac
1147 2436 1203 2504 pie,
1224 2445 1352 2484 curarunt

303 2511 437 2583 legimusl
452 2512 498 2562 Ge.
518 2512 566 2576 482
581 2509 735 2562 Flauiorum
749 2513 804 2562 Rex
852 2512 1054 2564 dumviverent.
1076 2515 1115 2564 lta
1136 2512 1201 2564 niltil
1223 2511 1352 2584 estquod

302 2591 443 2641 Eridanus.
457 2591 489 2640 Et
500 2603 589 2640 amant
598 2603 683 2659 poetae
696 2609 745 2661 pro
758 2609 804 2661 ap·
852 2592 1040 2662 reprehendas.
1052 2595 1113 2643 Mox
1121 2604 1190 2644 votes
1196 2595 1281 2644 sintne
1289 2611 1353 2664 poe·

303 2668 448 2739 pellatione
470 2685 569 2738 ponere
591 2686 691 2740 magne
709 2669 758 2738 (et
775 2671 803 2720 in
851 2684 925 2721 taean
936 2674 1113 2740 conjectores,
1124 2673 1240 2724 dubitari
1253 2684 1352 2744 potest.

303 2766 352 2800 suo
362 2765 458 2818 genere
470 2745 602 2816 preclara·
611 2745 622 2816 )
632 2749 669 2799 rei
682 2751 804 2819 proprie·
852 2750 903 2802 Sed
922 2751 1000 2802 Silius
1013 2752 1078 2804 ibid.
1091 2772 1116 2803 r.
1131 2753 1181 2806 538
1199 2753 1247 2824 qui
1257 2783 1291 2792 -—
1304 2769 1352 2804 nec

304 2841 398 2892 tatem,
413 2840 443 2878 ut
454 2829 465 2878 l
477 2827 525 2878 Ge.
542 2845 576 2894 9:
597 2825 695 2896 poculo
715 2827 803 2879 Acltc·
851 2830 1017 2903 dedignando
1028 2832 1135 2902 parenti
1145 2831 1353 2904 Carminafude·

304 2907 366 2960 loia.
378 2933 389 2956 n
410 2909 495 2960 Etiam
514 2907 692 2959 Callimachus
704 2910 800 2979 fragm.
852 2920 915 2960 runt
924 2909 1038 2970 esaim
1051 2913 1141 2982 itaque
1151 2923 1176 2963 et
1186 2913 1207 2962 is
1218 2910 1252 2962 dc
1264 2912 1350 2982 poetis

303 3007 362 3060 pag.
378 2988 429 3057 473
441 3008 456 3039 e
468 2987 553 3038 Strab.
573 2987 623 3050 lx,
636 2987 687 3040 608
706 2987 802 3040 Erida-
851 2992 961 3060 accepit.
971 2990 1014 3060 pii
1023 2992 1049 3042 in
1061 2991 1178 3061 hncipsu
1188 2991 1260 3061 quod
1270 2991 1350 3042 Pltoe·

302 3089 366 3122 num
379 3072 416 3122 ita
429 3069 531 3122 dixerat
551 3087 601 3139 pro
622 3067 729 3121 flumine
745 3088 803 3120 om·
851 3069 882 3122 bo
901 3071 981 3142 digno
1004 3071 1163 3143 loquuntur,
1183 3075 1220 3124 ita
1240 3086 1268 3122 ut
1289 3091 1350 3125 vere

303 3151 375 3200 nino.
412 3149 575 3200 Nobilitatur
609 3165 650 3200 res
686 3148 801 3220 vulgaris
851 3151 1023 3218 pronuntient
1036 3169 1063 3202 se
1076 3171 1171 3203 canere
1192 3151 1235 3203 dei
1257 3153 1350 3205 afflatu

303 3228 444 3301 splendido
458 3229 573 3280 nornine.
851 3229 993 3298 impulsos,
1004 3231 1066 3282 dum
1077 3231 1201 3302 grandia,
1216 3233 1349 3296 sublimia,

338 3311 434 3362 660-
445 3307 506 3360 665.
532 3309 618 3359 Locus
640 3307 673 3359 de
696 3310 802 3379 piorum
850 3309 993 3378 preclara,
1007 3325 1114 3363 canunt.
1128 3313 1179 3363 At:
1196 3313 1300 3385 Quique
1308 3312 1351 3364 rui

303 3389 382 3442 turba
400 3408 414 3441 e
433 3387 625 3452 nobilioribus,
642 3400 803 3458 et,quema
852 3407 976 3443 memores
1001 3391 1067 3444 alios
1092 3391 1181 3462 fecere
1209 3395 1350 3459 merendo,

302 3473 471 3542 generosiore
493 3471 580 3521 animo
601 3471 644 3522 rix
664 3484 730 3540 puto
749 3470 802 3541 legi
852 3469 1040 3536 664‚0rna1e=
1055 3489 1155 3542 magnae
1168 3472 1232 3538 illa,
1245 3487 1271 3524 et
1283 3473 1351 3526 diri-

302 3568 398 3620 posse,
411 3551 475 3620 quin
488 3548 642 3613 incalescat,
662 3561 801 3620 etmagnre
850 3567 890 3600 ne
906 3551 1010 3617 anime,
1030 3566 1088 3619 que
1111 3550 1180 3603 bene
1200 3551 1233 3603 de
1253 3573 1351 3626 genere

303 3632 407 3682 virtutis
424 3629 512 3682 studio
533 3629 727 3681 inflammetur:
743 3629 801 3679 imi·
850 3628 967 3680 humano
978 3632 1076 3681 merita
1088 3643 1161 3694 sunt;
1176 3651 1244 3703 sape
1255 3635 1307 3696 sie,
1319 3645 1350 3685 ut

303 3713 403 3762 tatione
414 3727 551 3780 expressus
561 3728 577 3761 a
586 3709 650 3760 Silio
663 3709 736 3772 xm,
750 3707 801 3758 533
851 3709 950 3759 nullam
969 3711 1081 3778 gratiam
1102 3714 1250 3779 auferrent,
1268 3716 1351 3766 inter·

304 3807 379 3859 seqq.
393 3803 419 3841 et
432 3809 447 3841 a
458 3791 547 3842 Valer.
569 3789 608 3840 Fl.
629 3790 654 3852 l,
674 3789 726 3856 839
744 3805 800 3857 seq.
851 3786 914 3837 dum
932 3787 1000 3840 odiis
1015 3803 1040 3840 et
1059 3791 1159 3844 invidia
1174 3794 1293 3862 oppressi
1307 3795 1350 3844 ri-

301 3867 466 3920 lleferendus
489 3882 576 3922 autem
596 3881 635 3920 est
654 3868 757 3918 animus
774 3867 801 3916 in
851 3879 905 3918 tam
924 3870 1044 3921 miseram
1069 3885 1184 3943 agerent.
1208 3873 1349 3938 merendo,

304 3961 426 4016 tempora
449 3949 600 4016 antiquiora
623 3945 746 4011 heroica,
773 3947 801 3996 in
850 3947 936 4012 idem,
956 3949 1027 4019 quod
1047 3952 1073 4001 in
1094 3951 1195 4022 vulgari
1209 3969 1349 4016 sermone,

304 4025 802 4096 quibuspervatesmeliorvitncons-
849 4027 1025 4093 demerendo,
1058 4030 1248 4100 promerendo,
1279 4031 1350 4083 bone

303 4107 383 4158 tituta
391 4117 430 4158 est
440 4106 573 4175 responsis
581 4123 613 4157 ac
622 4103 734 4158 deorum
743 4123 801 4156 mo·
850 4104 976 4158 merendo
989 4107 1022 4160 de
1035 4107 1101 4162 aliis.
1114 4107 1156 4161 Sic
1170 4109 1270 4162 Seneca
1283 4111 1352 4180 ilip-
