2996 4694
451 365 685 432 AENEIDOS
708 367 862 432 LIBER
884 369 924 432 V.
1160 374 1198 438 61

167 485 266 553 Hunc
278 509 419 567 morem,
432 489 493 554 hos
506 511 633 570 cursus,
647 507 747 580 atque
759 490 830 556 haec
842 492 1018 557 certamina
1030 493 1155 583 primus

165 595 339 674 AscaniuS,
352 596 484 682 longam
497 597 598 661 muris
611 620 715 685 quum
728 597 875 684 cingeret
887 597 1015 676 Albam,

167 702 319 782 Rettulit,
336 721 367 767 et
380 705 504 792 priscos
517 703 628 772 docuit
641 705 808 771 celebrare
822 707 969 786 Latinos,

166 805 242 887 Quo
254 831 339 894 puer
349 810 419 898 ipse
431 810 546 890 modo,
560 833 672 877 secum
686 835 753 900 quo
766 812 866 876 Troia
877 812 983 899 pubes
997 836 1004 873 ε

167 911 285 976 Albani
298 913 439 980 docuere
452 938 545 996 suos,
557 917 635 982 hinc
647 939 798 980 maxume
809 939 910 1004 porro

168 1016 308 1106 Adcepit
319 1023 437 1101 Roma,
452 1040 484 1085 et
496 1024 639 1110 patrium
652 1022 792 1084 servavit
804 1020 982 1099 honorem;

167 1123 335 1213 Trojaque
348 1149 450 1205 nunc,
463 1127 558 1214 pueri
572 1126 754 1215 Trojanum
767 1124 888 1190 dicitur
898 1147 1027 1212 agmen.

168 1319 216 1364 Etsi
234 1335 283 1366 non
299 1322 393 1382 ignoro,
412 1335 461 1366 esse
481 1321 521 1382 qui
533 1320 641 1366 dubitent
658 1319 687 1366 de
706 1320 751 1366 hoc
763 1319 896 1365 discrimine
915 1320 977 1366 inter
988 1335 1015 1365 ue
1027 1331 1050 1366 et
1060 1337 1118 1386 que‚·
1135 1337 1158 1371 et
1169 1328 1211 1373 ists

168 1389 254 1444 maria,
263 1391 351 1452 quippe
361 1391 517 1444 contermina,
527 1391 609 1451 passim
617 1391 697 1451 iungi5
706 1406 728 1434 s.
739 1405 759 1434 c.
769 1387 876 1434 Juvenal.
888 1389 948 1444 lllV,
959 1389 1015 1450 ²78,
1025 1389 1061 1437 vel
1072 1399 1212 1453 permutari,

169 1477 191 1508 s.
205 1477 225 1504 c.
236 1461 318 1522 Georg.
330 1462 369 1516 tv,
379 1460 436 1522 387,
454 1473 476 1507 et
491 1463 515 1506 in
531 1473 629 1524 utroque
645 1460 769 1523 delphinas
783 1461 868 1522 vagari.
880 1460 934 1504 Mox
949 1459 1073 1526 luduntque
1084 1479 1127 1526 per
1140 1467 1212 1512 undas

169 1530 248 1576 deerat
260 1527 367 1592 Oblonpo
379 1531 451 1576 vatic.
463 1545 485 1576 et
498 1531 587 1594 aliquot
599 1530 650 1576 aliis
661 1531 722 1576 Pier.
734 1530 842 1576 Medicco
853 1546 866 1575 s
878 1546 914 1592 pr.
925 1546 955 1575 m.
968 1531 1029 1576 Gud.
1039 1545 1062 1579 et
1071 1534 1123 1580 aliis
1132 1537 1211 1583 Heius.

169 1613 192 1646 et
204 1600 272 1646 Goth.
286 1613 337 1647 tert.
355 1617 407 1648 cum
425 1601 470 1646 Eri.
484 1603 601 1648 Lacinium
616 1605 689 1664 inepti
706 1616 755 1647 esse
772 1602 918 1647 Grammatici
931 1617 974 1663 pes·
984 1617 1009 1648 se
1021 1615 1091 1664 pstot.
1108 1631 1139 1642 -
1158 1607 1210 1668 596.

166 1669 236 1713 Hunc
248 1685 331 1716 morem
341 1687 422 1717 cursus
437 1670 507 1734 vulgo
523 1671 592 1717 codd.
610 1687 647 1734 ap.
663 1673 724 1718 Pier.
742 1671 820 1716 lleins.
834 1685 858 1716 et
868 1672 947 1716 Burin.
960 1685 983 1717 et
996 1673 1028 1717 sic
1043 1686 1090 1719 tres
1103 1676 1172 1722 Goth.
1189 1688 1214 1723 et

167 1740 243 1800 primo
255 1738 307 1785 loco
319 1742 442 1787 Romanus.
456 1743 523 1787 Hunc
535 1759 564 1786 m.
577 1740 617 1787 bos
628 1757 648 1787 c.
662 1741 790 1803 elegantius
800 1743 848 1804 jam
860 1740 916 1787 olim
928 1759 940 1788 a
955 1741 1012 1786 noh.
1027 1743 1145 1806 Stephano
1157 1746 1212 1792 inde

168 1808 269 1865 editum;
283 1821 307 1855 ut
315 1813 363 1872 jum
374 1810 459 1873 legitur
470 1814 495 1856 in
505 1811 573 1858 Aldd.
585 1811 714 1874 prioribus,
725 1814 794 1858 etism
807 1813 831 1856 in
841 1811 966 1874 Egnatisna
975 1815 1119 1860 recensione.
1131 1815 1176 1860 Pro
1186 1832 1213 1862 es

168 1877 270 1925 lectione
282 1881 386 1928 codicem
401 1896 468 1928 suum
480 1881 559 1929 laudat
574 1884 616 1928 Ge.
631 1882 734 1938 Fabric,
749 1895 772 1928 st
785 1883 893 1928 Heinsius
905 1898 950 1928 sec.
968 1897 994 1928 sc
1010 1894 1063 1928 tert.
1080 1885 1213 1932 lloretsnos

169 1967 222 1996 cum
235 1951 354 2007 Mediceo,
375 1957 415 2017 qui
427 1951 517 2010 tamen,
533 1969 583 2000 uta
598 1956 710 2016 Pogginio
724 1954 800 2001 editus
814 1966 861 2008 est,
878 1953 977 1999 alterum
995 1953 1095 2000 exhibet.
1111 1981 1143 1992 —
1160 1959 1212 2019 597.

169 2039 240 2086 quum
251 2025 355 2069 conderet
365 2025 427 2071 Gud.
436 2041 479 2088 pro
490 2042 538 2072 sar.
552 2026 605 2072 lect.
617 2051 648 2061 -
659 2027 710 2086 598.
723 2023 819 2070 Rettulit
829 2023 906 2086 vnlpg.
919 2023 995 2070 renus
1005 2025 1028 2071 h.
1042 2025 1059 2070 l.
1068 2027 1215 2074 burmannus

169 2097 298 2150 revocavit,
310 2111 358 2142 non
368 2113 380 2142 e
390 2099 480 2143 ratione
487 2100 648 2160 grammatica,
657 2112 727 2159 quam
737 2099 772 2142 vir
782 2097 874 2141 doctiss.
884 2098 921 2142 lo.
932 2096 1074 2142 Schrader-us
1083 2099 1213 2144 Emendstt.

171 2165 237 2228 prael.
250 2182 273 2226 p.
287 2167 346 2212 llLll
358 2169 506 2214 constitutam
520 2183 567 2214 esse
579 2167 654 2216 soluit
665 2171 690 2212 in
703 2165 790 2222 retulit,
809 2169 901 2228 reperit,
919 2165 1012 2229 repulit,
1029 2183 1108 2213 serum
1120 2167 1215 2214 laudato

172 2234 226 2280 cod.
238 2235 354 2282 Gudisno.
373 2239 486 2285 Desidero
497 2241 593 2284 omnino
605 2240 757 2284 constantiam
769 2240 794 2283 iu
806 2237 842 2282 his
855 2252 881 2282 sc
895 2236 1022 2292 similibus,
1038 2254 1060 2282 r.
1078 2253 1099 2281 c.
1116 2239 1215 2300 Jupiter,

172 2305 237 2369 quod
249 2307 353 2370 Iuppiter
364 2322 477 2356 exaratur.
489 2312 512 2356 Si
525 2309 555 2356 ad
566 2326 654 2356 morem
664 2321 767 2355 veterum
780 2306 929 2354 scribendum
940 2319 986 2363 est,
1002 2307 1111 2370 equidem
1124 2307 1218 2356 literam

172 2376 234 2422 male
245 2381 356 2439 geminari
368 2393 427 2443 puto
438 2384 565 2444 scripturn
581 2384 623 2428 etsi
635 2381 826 2444 pronuntiatione
839 2378 864 2424 id
876 2379 926 2439 lieri
938 2394 1031 2426 necesse
1044 2391 1084 2425 est.
1104 2381 1127 2426 Si
1140 2391 1217 2428 tamen

173 2451 288 2510 gemines,
308 2468 398 2515 semper
411 2465 434 2499 et
445 2454 534 2516 ubique
546 2455 587 2499 ists
600 2455 659 2498 ratio
672 2465 706 2498 est
717 2450 844 2515 sequenda.
858 2453 881 2495 in
890 2453 976 2514 priscos
988 2449 1056 2496 Goth.
1070 2468 1105 2514 pr.
1119 2477 1150 2486 -
1164 2453 1217 2515 599.

173 2519 260 2566 Versus
275 2523 392 2570 molestus.
410 2523 447 2570 ille
463 2523 532 2569 Wall.
550 2539 624 2569 secum
641 2539 692 2568 cum
712 2526 737 2568 Τ.
749 2539 785 2584 pr.
798 2521 881 2567 llamb.
898 2519 960 2566 Olim
973 2519 1172 2582 distinguebatur:
1186 2547 1219 2558 —

173 2591 271 2638 mum.
284 2595 333 2652 Quo
343 2613 437 2659 puer-
442 2595 525 2660 pubes,
538 2594 624 2641 Albani
631 2595 668 2652 d.,
681 2608 706 2641 ut
716 2595 775 2641 adeo
786 2605 858 2640 esset:
873 2593 922 2652 Quo
930 2607 1025 2655 puer—
1029 2592 1099 2656 pubes
1109 2610 1141 2640 sc.
1151 2592 1218 2640 cele·

172 2663 295 2712 braverant
307 2669 354 2714 haec
365 2672 503 2726 certamina,
513 2669 607 2715 docuere
616 2667 762 2714 Albonisuos
772 2666 810 2713 illa
823 2665 944 2713 celebrari.
953 2665 1038 2712 illelius
1049 2667 1082 2711 sic
1094 2667 1219 2728 interpun-

136 2726 139 2734 ’
174 2751 224 2796 gas,
236 2751 261 2784 ut
272 2739 386 2787 lecimus:
400 2740 483 2788 Retulit
493 2751 547 2804 etp.
560 2743 636 2787 docuit
646 2739 758 2786 eetetmre
770 2739 873 2793 Latinos,
891 2736 941 2794 Quo
950 2749 1008 2798 puer
1019 2737 1064 2798 ipse
1076 2735 1151 2790 modo,
1162 2751 1181 2780 ⁵·
1194 2751 1217 2798 q·

177 2809 203 2850 T·
215 2809 284 2871 pubes
295 2813 341 2868 (tc.
353 2813 534 2861 celebraverant.
547 2813 606 2858 ilinc
614 2814 622 2870 )
630 2811 717 2857 Albani
726 2813 820 2857 docuere
832 2825 884 2854 suos
894 2821 937 2854 ete.
946 2833 977 2843 -
987 2807 1040 2852 600.
1051 2805 1110 2852 hunc
1119 2806 1218 2852 Oudai-t.

175 2892 187 2922 a
199 2893 229 2922 m.
241 2894 287 2925 sec.
301 2881 370 2927 Goth.
384 2895 435 2930 tert.
447 2909 478 2919 -
489 2884 543 2929 602.
554 2885 621 2946 pueri
629 2892 653 2929 et
666 2886 704 2927 Tr.
718 2881 756 2928 ed.
769 2882 828 2926 Ven.
838 2879 932 2924 dicimus
941 2875 1039 2922 Dorvill.
1052 2876 1143 2922 ducitur
1151 2875 1217 2923 Leid.

178 3047 403 3118 bycumvetconf.
416 3056 448 3104 V.
459 3057 612 3126 L.)secant
627 3053 671 3106 lu·
721 3053 818 3118 ltalia,
841 3065 866 3104 et
890 3053 927 3104 sic
950 3049 1056 3102 Latium
1077 3047 1221 3119 antiquum

177 3125 295 3196 dumque
313 3147 362 3198 per
380 3131 474 3197 undas,
503 3133 607 3184 videtur
626 3133 673 3184 ali·
721 3135 768 3184 int.
787 3134 850 3199 Vll,
873 3133 916 3186 38.
933 3130 1018 3181 Aliter
1032 3126 1114 3198 prisci
1134 3125 1220 3176 Latini

178 3206 243 3276 quid
256 3209 334 3258 otiosi
348 3227 403 3260 esse
422 3213 448 3261 in
465 3211 515 3264 hac
532 3214 673 3264 verborum
722 3214 749 3263 in
761 3212 895 3264 historicis
905 3223 931 3262 et
944 3206 1142 3282 geographicis,
1156 3205 1220 3256 dum

179 3289 270 3358 copia;
282 3289 330 3340 etsi
344 3289 411 3340 bene
424 3289 621 3341 videornarium
630 3289 674 3340 de·
724 3292 861 3360 antiquum
878 3291 982 3342 Latium
995 3301 1020 3339 et
1034 3304 1130 3338 novum
1144 3287 1220 3352 juxte

178 3371 361 3422 nominatione
372 3369 675 3442 reidignitatemincres·
724 3371 840 3440 ponitur.
851 3401 884 3408 —
894 3371 953 3440 598.
983 3366 1073 3418 docuit
1095 3362 1222 3414 celebrare

179 3467 248 3500 cere.
261 3450 338 3501 Ovid.
361 3449 394 3501 de
417 3449 551 3520 delphinis
565 3449 598 3498 lll
608 3449 671 3500 Met.
723 3467 753 3500 eo
772 3447 864 3511 modo,
883 3465 936 3518 quo
954 3449 1011 3516 ipse
1031 3442 1219 3494 celebraverat.

177 3527 231 3582 685
251 3529 334 3600 Inque
345 3529 418 3581 chori
437 3528 673 3600 inducamim,
723 3549 747 3580 r.
758 3528 790 3576 V.
805 3527 834 3576 b.
848 3526 950 3576 —tiou
970 3524 1109 3586 bonorem,
1127 3521 1221 3574 ludum

180 3606 438 3680 lasciuaquejnctnsst
452 3611 579 3680 Corpora,
595 3619 621 3658 et
631 3625 675 3657 nc·
725 3609 757 3660 ab
768 3608 871 3678 origine
890 3623 938 3655 sna
955 3605 981 3654 in
996 3601 1116 3653 Anchise
1133 3601 1220 3654 hono-

178 3701 283 3762 ceptum
301 3688 400 3760 patulis
420 3709 491 3742 mare
510 3691 614 3742 naribus
636 3688 687 3757 ef--
724 3707 780 3741 rem
801 3681 1068 3737 institutum-602.
1090 3682 1140 3732 Pro
1163 3685 1221 3735 vul-

173 3769 260 3847 jlusst3
276 3783 302 3821 et
315 3770 360 3840 qui
371 3772 479 3821 anteivit
488 3770 611 3841 Apollon.
623 3768 672 3820 Rh.
724 3769 795 3840 puri,
806 3764 879 3836 qnod
893 3782 923 3816 ex
941 3762 1066 3814 Suetonio
1077 3760 1109 3813 de
1124 3781 1220 3833 puero-

180 3848 360 3920 lV,933sqq.
465 3839 468 3846 ¹
724 3841 1221 3900 rumlusihusServiuslaudat:Lusus

218 3929 381 3997 596--603,
394 3931 474 3981 Hunc
486 3931 675 3980 morem-Re-
726 3929 793 4000 ipsc,
822 3944 901 3997 quem
941 3922 1018 3996 vulpe
1044 3921 1221 3993 Pyrrhicham

183 4007 260 4073 tulit,
273 4010 422 4073 innovarit,
435 4023 464 4059 ut
475 4007 561 4068 Seru,
578 4011 676 4078 repeti·
724 4003 877 4078 appellant,
900 4007 973 4076 ijo
995 4015 1117 4066 vocatur,
1140 4015 1222 4073 poeto

182 4090 228 4141 sit.
237 4089 333 4160 priscos
341 4087 480 4144 Latinosh.
491 4088 509 4142 Ι.
523 4101 553 4141 ut
564 4089 676 4161 antiqua
725 4085 822 4140 dixisse
859 4084 964 4140 videtur
992 4083 1170 4152 ¹quttisitius:
1190 4095 1221 4134 et
