3028 4682
279 393 341 458 282
528 377 562 456 r.
586 392 819 456 vincturi
842 395 1073 461 otrannus

277 517 342 578 Dat
353 512 412 578 tibi
425 531 582 604 praeterea
592 517 746 580 Fortunae
759 538 858 603 parva
870 518 989 604 prioris

277 624 431 699 Munera,
445 621 612 710 relliquias
625 621 725 712 Troja
738 645 777 686 ex
788 622 924 688 ardente
937 641 1094 713 receptas.

279 729 351 793 Hoc
362 744 459 814 pater
471 727 629 793 Anchises
641 749 722 791 auro
735 727 857 793 libabat
868 727 912 816 ad
923 752 1009 808 aras,

279 834 351 898 Hoc
364 834 481 897 Priami
494 849 662 920 gestamen
676 848 758 912 erat,
772 854 876 922 quum
885 834 961 924 jura
972 837 1096 901 vocatis

278 941 372 1002 More
386 936 479 1003 daret
489 939 637 1027 populis;
650 955 899 1029 sceptrumque,
914 963 1073 1032 sacerque
1086 943 1195 1020 tiaras,

278 1045 486 1136 Iliadumque
499 1046 609 1127 labor,
622 1064 764 1112 vestes.»

321 1151 457 1217 Talibus
470 1152 587 1217 Ilionei
600 1151 699 1224 dictis
708 1151 815 1218 delixa
828 1153 963 1219 Latinus

272 1257 404 1324 Obtutu
417 1273 508 1322 tenet
520 1281 591 1338 ora,
605 1256 744 1346 soloque
756 1257 922 1324 inmobilis
935 1259 1052 1339 haeret,
1280 1276 1332 1324 aso

277 1456 331 1497 mici
340 1449 410 1498 codd.
421 1452 486 1515 ‘apud
497 1453 576 1498 Burin.
586 1477 618 1488 -
628 1451 679 1509 243.
690 1453 738 1498 Dut
746 1467 777 1498 sc.
790 1455 884 1510 AEueas,
897 1467 920 1500 et
929 1456 963 1501 sic
972 1453 1042 1516 vulgo
1052 1453 1188 1516 explicatur.
1200 1453 1237 1499 Sic
1248 1456 1326 1500 oratio

277 1523 307 1568 ad
322 1541 343 1568 v.
359 1537 400 1568 aar
417 1522 559 1570 retrahitur:
577 1525 657 1570 Troius
670 1525 755 1569 AEnees
770 1533 807 1569 tuo
821 1541 861 1570 nos
874 1526 906 1570 nd
917 1525 992 1571 lirnine
1004 1525 1156 1570 misit-Dat
1168 1523 1208 1569 rili
1217 1541 1241 1587 p.
1254 1525 1326 1584 Quod

276 1607 355 1640 tamen
367 1596 421 1640 satis
433 1594 517 1640 durum
528 1609 577 1641 esse
589 1596 641 1658 quis
652 1610 701 1639 non
710 1595 788 1649 viden
801 1595 906 1658 inprimis
918 1611 991 1660 quum
1002 1595 1115 1641 orationis
1122 1609 1201 1640 cursus
1213 1593 1242 1640 ad
1253 1593 1327 1656 Apol-

276 1663 349 1711 linem
362 1664 407 1712 boc
418 1666 516 1722 referat,
528 1684 550 1712 v.
567 1665 623 1723 ait,
634 1682 704 1713 sensu
716 1679 793 1713 tamen
805 1681 959 1730 repugnante.
973 1667 1073 1714 Videtur
1084 1677 1152 1728 poeta
1159 1700 1166 1722 ,
1179 1681 1230 1730 rpus
1246 1666 1325 1712 medis

278 1747 332 1781 sunt
339 1771 345 1791 ,
353 1737 462 1782 secundis
472 1740 535 1783 curis
547 1735 689 1802 elaborasse,
697 1753 775 1800 neque
785 1739 896 1785 iiscetere
904 1743 958 1786 saus
968 1737 1161 1785 accommodasse.
1169 1763 1201 1773 -
1208 1737 1259 1794 2115.
1270 1739 1325 1783 Hac

277 1818 330 1852 tert.
339 1805 448 1852 Rottend.
458 1809 564 1853 adnuens
574 1807 667 1868 Menag.
677 1823 713 1869 pr.
724 1821 800 1854 etsec.
814 1808 883 1854 Gotb.
893 1835 925 1844 -
934 1809 987 1872 ²47·
997 1805 1081 1853 Paullo
1092 1805 1199 1853 callidior
1206 1809 1259 1868 quis
1270 1822 1326 1852 con·

276 1877 365 1936 jactare
381 1878 470 1937 possit:
482 1877 533 1922 Hoc
547 1879 633 1922 Prnmt
644 1885 758 1941 gestumr
769 1885 819 1922 eret
828 1904 858 1913 -
867 1889 993 1943 sceptrum
1004 1879 1156 1942 Assaracique
1173 1880 1257 1932 tioros,·
1269 1875 1328 1921 lb'o-

277 1947 376 2010 damque
387 1945 451 1994 labor
461 1958 540 1996 vestes.
553 1949 582 1996 ci.
597 1950 689 1996 Notata.
699 1975 731 1986 —
743 1948 795 2005 248.
808 1953 876 1997 vesfis
887 1951 978 2016 aliquot
988 1951 1115 1998 Burmann.
1126 1973 1158 1984 -
1167 1951 1219 1996 250.
1237 1946 1326 1993 obtuitu

277 2017 359 2064 lirano.
375 2029 398 2063 et
410 2019 470 2065 Ven.

277 2177 349 2228 niam
372 2178 510 2232 Lavinium
528 2182 591 2234 urbs
610 2181 643 2234 ad
663 2200 723 2236 eum
740 2181 777 2234 lo·
826 2179 879 2232 vid.
890 2181 983 2252 snpl,
997 2179 1116 2248 bap-lus
1126 2177 1224 2241 dicere,
1234 2177 1326 2247 preci·

277 2273 339 2306 cum
359 2257 501 2312 condenda
519 2274 567 2314 est.
585 2263 663 2314 Ponit
681 2279 775 2332 porro,
825 2258 1325 2332 puummunusveternmregumfuisse

277 2347 307 2386 ut
317 2349 412 2406 poeta,
422 2337 529 2392 fluvium
540 2340 575 2393 ad
585 2341 776 2413 designandam
826 2355 919 2394 notum
931 2355 984 2402 est,
1002 2343 1093 2411 itaque
1105 2339 1139 2392 ab
1151 2337 1203 2389 hoc
1215 2356 1325 2409 munere

277 2426 384 2468 terram.
398 2417 470 2470 Nota
484 2422 568 2479 ratio;
581 2421 668 2472 sedin
683 2421 776 2472 Numi·
826 2441 918 2474 corum
948 2419 1063 2492 dignitas
1094 2417 1224 2470 declarari
1247 2415 1322 2468 solet.

278 2497 325 2563 eii,
336 2508 464 2568 tanquam
473 2502 542 2552 sacri
551 2499 678 2566 ffirminis,
691 2501 777 2552 notio·
825 2501 922 2554 Sedent
931 2514 1018 2552 autem
1024 2502 1067 2569 jus
1076 2497 1172 2549 dicturi
1182 2515 1241 2548 cum
1251 2513 1324 2567 scep-

276 2594 312 2626 ne
324 2575 416 2648 religio
433 2579 523 2649 aliqua
537 2581 614 2632 inest.
627 2581 776 2634 Observata
825 2595 876 2632 tro.
889 2579 932 2631 Ad
942 2579 995 2631 hoc
1008 2573 1194 2630 illustrandum
1203 2574 1322 2627 Guellius

277 2656 359 2705 resin
373 2654 490 2708 Excursu
502 2659 537 2709 Ill
550 2659 584 2710 ad
594 2658 620 2711 b.
634 2659 680 2711 lib.
824 2659 944 2712 laudavit
962 2657 1087 2728 Apollon.
1107 2653 1176 2726 (IV,
1194 2654 1277 2726 1177)
1298 2668 1324 2708 et

314 2733 365 2800 243
376 2757 410 2774 -⁴
421 2736 479 2806 249.
499 2739 555 2789 Dar
570 2739 649 2808 quis?
660 2739 776 2792 AEneasl
825 2737 969 2792 Pindarum
984 2737 1078 2809 (Pyd.
1092 2735 1141 2803 lv,
1155 2751 1206 2804 270
1225 2754 1282 2806 sqq.
1296 2737 1324 2808 ),

277 2832 301 2866 v.
325 2816 389 2866 Ver.
414 2817 587 2870 bertilone
608 2821 777 2873 commendat
824 2819 873 2874 sed
894 2837 935 2872 res
957 2837 990 2870 ex
1010 2819 1126 2870 Homero
1146 2818 1210 2868 satis
1234 2816 1322 2868 obvia.

276 2895 373 2944 iterum
387 2913 404 2948 a
414 2899 549 2966 personis,
569 2899 642 2969 quod
661 2899 724 2952 alibi
736 2902 776 2952 vi·
826 2901 906 2952 tiaras
913 2899 1075 2970 improprie,
1086 2915 1182 2967 nempe
1191 2897 1322 2970 Phrygum

277 2971 364 3024 dimus
373 2987 479 3044 poetam
490 2976 592 3030 decere.
603 2980 673 3031 conf.
689 2975 775 3049 ¹2⁶4?
824 2977 927 3051 pileus,
953 2997 1033 3050 quem
1053 2979 1112 3030 eliis
1133 2977 1199 3029 locis
1218 2978 1323 3028 mens

277 3071 336 3124 sqq.
347 3083 383 3092 -
393 3055 452 3122 245.
463 3071 592 3110 craterem
602 3059 643 3111 vel
656 3073 775 3130 pateram
825 3061 903 3120 dixin
915 3059 970 3110 vid.
986 3077 1045 3129 sup.
1060 3059 1109 3123 lV,
1123 3059 1187 3120 τιὸ,
1199 3058 1237 3109 ibi
1248 3076 1273 3108 v.
1286 3058 1322 3108 cf.

277 3135 406 3207 designat.
424 3139 554 3191 Virtutem
571 3139 653 3192 babet
672 3141 774 3208 oratio,
824 3143 872 3192 inf.
885 3139 937 3204 lX,
950 3139 1010 3192 616.
1027 3155 1099 3189 sacer
1110 3149 1212 3189 tanturn
1229 3135 1263 3188 ad
1275 3155 1323 3188 ve-

278 3216 351 3286 quod
367 3231 495 3288 tanquam
512 3219 656 3273 dramatice
674 3239 715 3272 res
734 3241 773 3272 re·
824 3221 989 3272 nerationem
1003 3217 1098 3268 Priami
1109 3216 1197 3268 valere
1208 3215 1324 3281 ridetur,

277 3309 465 3368 presentatur,
481 3317 535 3350 non
553 3301 625 3352 facta
642 3314 773 3352 narratur.
825 3313 854 3350 ut
877 3310 1016 3371 augustum
1039 3295 1168 3368 significet
1190 3307 1322 3346 ornatum.

276 3375 335 3426 Hoc
355 3376 460 3427 Priami
474 3389 608 3450 gestamen
626 3394 698 3430 eras:
716 3399 776 3432 cnm
827 3379 912 3434 Vestes
924 3391 1013 3429 autem
1032 3389 1093 3426 sum
1110 3373 1234 3446 Pbsyqioe
1244 3372 1324 3445 vulgo

276 3452 317 3506 bis
326 3455 414 3508 verbis
424 3468 559 3526 sceptrum
569 3457 672 3509 tradere
682 3473 777 3528 putan-
825 3456 917 3522 dicte,
930 3476 946 3509 a
961 3456 1083 3522 Trojanis
1100 3453 1254 3505 mulieribus
1274 3471 1325 3504 acu

277 3533 326 3586 ‹lns
339 3547 396 3598 est,
409 3535 481 3606 quod
494 3537 602 3606 proprie
611 3538 680 3588 inter
692 3550 776 3608 gesta·
825 3538 916 3608 pictae,
935 3535 992 3604 ippe
1010 3534 1133 3600 poterant.
1153 3535 1215 3584 Mox
1229 3532 1323 3586 eadem

276 3615 349 3665 mina
364 3628 415 3676 est,
437 3633 498 3667 narn
516 3613 634 3666 Servium
653 3616 777 3669 diadema
822 3633 943 3687 purpura
952 3615 1033 3686 picta.

277 3695 495 3764 interpretantem
517 3697 575 3766 quis
596 3697 777 3748 audiatimox
862 3691 1323 3764 adp-258.lnprimoversnlliad.

276 3787 366 3823 tamen
379 3773 499 3841 adjunxit
515 3775 582 3840 alia,
598 3793 655 3846 quae
667 3779 775 3848 proprie
824 3793 855 3840 7,
870 3791 936 3844 217,
949 3773 982 3826 de
994 3771 1086 3846 Ulysse
1096 3774 1178 3825 verba
1190 3773 1321 3838 faciente,

276 3851 592 3920 gestarinondicuntur,
612 3855 659 3906 sed
678 3868 776 3908 ornant
826 3854 985 3924 expressum
1013 3873 1069 3906 esse
1102 3853 1212 3914 volunt3
1245 3851 1324 3902 nimis

277 3943 380 3993 tamen,
405 3931 500 3982 tiaram
525 3947 551 3984 et
579 3943 656 3987 vestes
679 3939 773 4006 pictas.
825 3933 913 3986 docte.
927 3934 1080 3986 Communis
1090 3936 1112 3985 is
1130 3946 1170 3986 est
1184 3935 1239 3984 oris
1249 3929 1325 3982 babi-

277 4007 411 4061 Summam
426 4011 599 4065 subtilitatem
609 4017 635 4064 in
647 4014 687 4065 bis
700 4018 775 4086 sequi
826 4025 867 4064 tus
889 4031 995 4080 eorum,
1020 4016 1065 4084 qui
1082 4024 1153 4065 stant
1171 4012 1211 4064 rel
1232 4010 1322 4062 sedent

277 4101 359 4159 poeta
384 4090 523 4142 noluit.·--
539 4092 599 4159 ²47·
617 4094 681 4160 jusu
703 4093 777 4145 daret
826 4093 1011 4164 cogitabundi.
1027 4095 1067 4145 lta
1088 4093 1134 4144 ini.
1157 4107 1181 4143 r.
1207 4109 1265 4159 ²9¹·
1287 4089 1321 4139 el'.
