3028 4682
279 452 338 539 198
523 448 557 510 P.
581 443 811 507 vtltG1L11
834 443 1065 509 MARONIS

273 572 381 663 Hujus
395 573 427 635 in
439 569 618 635 adventum
628 567 697 657 jam
710 587 798 633 nnnc
810 584 844 631 et
855 568 970 656 Caspia
983 590 1082 654 regna

187 669 192 685 ’
274 679 451 767 Responsis
462 677 599 741 horrent
612 674 738 754 divom,
754 691 786 737 et
798 674 930 738 Maeotia
941 673 1054 749 tellus,

273 788 315 850 Et
326 782 575 873 septemgemini
588 779 721 844 turbant
731 778 858 868 trepida
872 780 953 844 ostia
965 779 1040 842 Nili.

272 894 340 956 Nec
352 911 431 954 vero
443 887 572 952 Alcides
585 903 712 951 tantum
725 887 851 950 telluris
863 885 981 965 obivit;

302 1100 354 1146 799.
367 1086 389 1128 t'n
401 1083 521 1128 aduentam
530 1097 558 1127 es
570 1083 635 1127 llam.
647 1093 671 1128 et
682 1081 733 1128 aliis
739 1083 788 1144 jam
800 1082 889 1128 Pierius
899 1079 1036 1144 approbavit
1048 1077 1128 1124 lectori
1134 1111 1142 1133 ,
1153 1090 1176 1123 et
1186 1075 1319 1123 secandum-

271 1172 325 1202 eura
338 1157 415 1200 lleins.
431 1171 443 1200 e
459 1153 544 1200 Medic.
560 1167 583 1199 et
597 1153 663 1208 aliis;
678 1151 753 1214 rulgg.
770 1157 792 1198 t'n
805 1154 910 1200 amor.
927 1154 997 1215 Cujus
1010 1154 1033 1196 ist
1046 1151 1143 1195 adventa
1159 1149 1195 1194 ed.
1210 1149 1270 1194 Ven.
1283 1171 1316 1182 —

271 1224 429 1272 Acamanta
443 1223 503 1269 benc
518 1225 597 1270 lleins.
612 1237 663 1286 post
678 1225 738 1270 Pier.
754 1241 783 1270 ex
797 1225 989 1286 castigatioribus.
1005 1221 1081 1283 Vulgo
1093 1222 1205 1264 Maeotica.
1218 1243 1249 1252 -
1261 1215 1315 1263 801.

272 1297 356 1342 tumido
371 1296 477 1357 legerunt
492 1295 600 1342 nonnulli
611 1297 673 1359 apud
687 1296 785 1342 Cerdam
799 1312 804 1341 :
819 1312 950 1360 perperam.
968 1320 1000 1331 -
1014 1294 1067 1342 801.
1084 1291 1159 1338 obibat
1174 1291 1222 1336 duo
1236 1290 1316 1335 lleina.

271 1369 340 1414 obr'dr't
351 1369 416 1414 110111.

270 1529 297 1578 in
308 1503 449 1578 Messalam
464 1529 474 1594 (
487 1529 513 1578 in
524 1525 622 1578 Tibull.
636 1525 701 1598 ed.)
721 1527 769 1594 itt
819 1525 891 1577 diam
912 1527 1059 1597 proferant.
1078 1521 1158 1590 Quod
1179 1535 1316 1588 nunquam

269 1625 309 1678 sq.
324 1607 769 1678 Oceanuspantoquacnntinetor-
818 1607 983 1676 frequentius
1008 1621 1088 1674 qaam
1112 1620 1127 1652 a
1150 1598 1226 1650 bellis
1254 1595 1317 1647 iuda

273 1688 344 1752 lem,
358 1683 441 1736 Nulla
457 1685 505 1736 tibi
516 1686 626 1737 adrrerst's
641 1686 770 1757 reqiosese
819 1685 940 1736 civilibus
960 1687 1069 1736 lactum.
1091 1701 1115 1732 v.
1137 1697 1238 1748 argum.
1259 1675 1315 1726 Ecl.

270 1767 366 1837 offeret
387 1766 474 1818 annis.
500 1767 535 1817 Te
554 1777 644 1816 munet
662 1767 771 1817 invictus
818 1761 1319 1833 lV.Adalatianisgenusistotempore

269 1847 388 1898 Romano
404 1847 492 1896 Marte
508 1846 650 1896 Britannus
655 1866 664 1906 ,·
684 1845 771 1916 Teque
818 1862 873 1896 non
886 1843 1028 1898 obscurum
1039 1855 1109 1908 erat,
1121 1838 1258 1892 venditare
1270 1837 1318 1885 im-

271 1926 404 1996 intetjecto
417 1925 511 1976 mandi
520 1944 581 1996 pars
590 1923 673 1976 altera
686 1923 746 1977 sole.
819 1925 988 1995 peratoribns
1000 1923 1127 1975 vaticinia
1139 1939 1169 1972 ac
1180 1917 1318 1990 praesagia,

307 2021 358 2074 799
371 2035 404 2042 —
418 2005 478 2056 801.
494 2003 648 2075 -Splendide
669 2017 694 2058 et
717 2004 770 2056 hoc
820 2003 917 2075 quibus
930 2005 994 2074 ipsis
1007 2005 1062 2072 jam
1079 2001 1143 2052 olim
1162 1997 1318 2068 imperium,

271 2085 430 2148 enuntiavit,
451 2084 524 2154 quod
546 2085 636 2136 futura
659 2085 770 2157 Augusti
820 2099 864 2136 aut
878 2086 987 2158 insignis
1000 2083 1089 2154 aliqua
1102 2081 1215 2134 felicitas
1226 2079 1318 2130 fuisset

269 2163 426 2234 magnitudo
439 2163 527 2215 multis
540 2165 621 2236 signis
632 2184 663 2218 ac
676 2185 771 2236 praesa-
820 2180 935 2218 ostensa.
950 2169 1008 2237 lpse
1019 2161 1152 2234 losephas
1163 2159 1321 2231 Vespasiani

270 2244 320 2315 giis
339 2245 389 2294 fuit
409 2257 528 2306 ostentm
542 2243 669 2316 quodque
681 2246 708 2295 in
727 2263 771 2296 re·
820 2247 983 2299 voluntatem
1001 2246 1048 2296 tali
1065 2254 1215 2296 commento
1229 2251 1321 2311 capta·

271 2325 425 2374 motissimis
436 2327 627 2395 quaqueterris
640 2325 771 2395 ejusmodi
819 2326 873 2378 bat.
887 2325 913 2377 Si
929 2325 1001 2396 qnod
1015 2323 1086 2376 aliud
1100 2321 1216 2372 melioris
1232 2317 1320 2390 philo·

270 2403 346 2474 signa
359 2403 544 2455 animadversa
556 2406 677 2470 fuorunt,
693 2407 771 2456 nimi·
819 2405 920 2475 sophia·
932 2405 1032 2456 bonum
1045 2413 1137 2454 nostra
1151 2413 1213 2452 oetas
1228 2397 1320 2462 videt,

271 2501 330 2532 rum
350 2482 444 2551 populi
456 2484 527 2534 circa
540 2503 611 2536 mare
625 2485 770 2554 Caspium,
819 2484 871 2536 hoc
893 2485 1013 2554 inprimis
1037 2479 1239 2534 memorandum
1262 2494 1321 2530 esse

270 2561 390 2629 inprimis
403 2561 518 2629 Hyrcani
534 2575 560 2612 et
577 2563 708 2614 Bactriani
721 2561 770 2612 sub
820 2564 948 2624 arbitror,
971 2561 1043 2633 qaod
1063 2562 1256 2613 divinationum
1272 2577 1322 2610 va·

269 2635 373 2688 Parthis
393 2637 534 2708 degentes,
548 2639 649 2711 Scythae
671 2641 705 2692 ad
724 2659 772 2710 pa·
820 2639 1321 2694 nitateliberatisunthominumanimL

268 2715 359 2768 ludam
372 2716 523 2769 Maeotidam
536 2731 562 2770 et
574 2721 702 2792 AEgyptii,
717 2730 771 2770 tur·
857 2723 908 2773 801
921 2751 954 2761 -
968 2723 1026 2774 806.
1043 2721 1163 2774 Tandem
1173 2718 1321 2790 expeditio·

270 2796 348 2860 lanis
363 2795 511 2866 ”epidflsslt
526 2817 585 2850 ¹¹³⁰]
606 2812 632 2850 et
651 2801 702 2869 ipsi
715 2813 771 2850 lur-
820 2820 866 2854 nes
886 2816 912 2853 et
931 2803 1025 2854 itinera
1037 2802 1149 2874 Augusti
1162 2817 1323 2851 commemo-

268 2875 318 2928 bas
333 2877 449 2943 faciunt,
462 2881 507 2948 qui
525 2879 728 2949 perturbantur,
741 2893 771 2931 ut
819 2895 868 2934 rat.
879 2881 933 2933 vid.
946 2901 1004 2952 sup.
1019 2881 1053 2934 ad
1065 2901 1090 2932 v.
1104 2898 1170 2951 792,
1180 2897 1321 2949 compara·

269 2973 339 3028 saepe
364 2957 435 3008 alibi.
460 2959 582 3009 Fundam
606 2961 644 3010 rei
665 2960 770 3012 videbis
820 2959 1320 3032 11000110110111110090(ορ1101111.

270 3035 342 3107 apud
359 3035 467 3102 Sueten.
486 3037 580 3089 Octav.
603 3039 653 3108 94,
674 3039 720 3090 ubi
739 3058 771 3090 ex
819 3042 853 3092 lll
865 3040 916 3094 Od.
930 3041 960 3106 3,
979 3058 1004 3110 9·
1025 3053 1051 3091 et
1074 3040 1119 3105 14,
1135 3039 1321 3110 pr.)llercule

268 3116 461 3189 Julioquoque
480 3117 604 3170 Maratha
621 3119 715 3171 fabula
732 3117 771 3172 al·
820 3133 847 3172 et
869 3119 982 3171 Baccho.
1007 3121 1037 3169 ln
1062 3119 1203 3170 Herculem
1227 3116 1321 3188 paullo

267 3197 354 3248 fertur
376 3197 408 3249 de
428 3197 551 3270 prodigio
571 3212 632 3251 ante
652 3217 770 3270 paucos,
819 3201 936 3270 iniquior
948 3217 1004 3251 esse
1020 3196 1126 3250 videtur
1139 3211 1232 3268 poeta,
1247 3195 1320 3268 qaod

270 3291 349 3345 quam
363 3277 497 3348 Augustus
509 3291 679 3344 nasceretur,
697 3299 771 3331 men·
819 3297 852 3331 ex
872 3281 929 3348 ejus
950 3278 1087 3330 erroribus
1107 3289 1209 3328 tantam
1228 3275 1322 3328 laudat

269 3373 310 3407 ses
322 3357 411 3408 Rornae
425 3358 512 3422 facta,
529 3376 581 3429 quo
594 3357 770 3410 denuntiabo·
820 3379 881 3426 eos,
894 3361 940 3430 qui
951 3379 1001 3431 per
1012 3357 1154 3410 Arcadiam
1166 3360 1231 3410 lacti
1243 3370 1320 3418 sunt,

267 3446 313 3486 tur
322 3475 330 3502 ,
350 3455 435 3510 negem
445 3437 542 3510 populi
558 3439 672 3490 Romani
683 3439 770 3490 Natu·
819 3441 931 3511 Augusti
952 3440 1100 3508 comparati
1116 3435 1272 3509 magnitudo
1287 3455 1320 3487 eo

265 3519 475 3588 comparturire.
494 3517 600 3571 Scilicet
615 3519 771 3572 stultissima
818 3522 877 3590 ipso
893 3530 1030 3572 attenuata
1048 3535 1105 3568 esse
1126 3518 1239 3569 videtur.
1263 3519 1321 3568 llo(-

268 3596 456 3664 superstitione
469 3597 611 3650 laborabat
624 3599 768 3671 Augustus.
818 3598 889 3650 idem
919 3597 997 3648 video
1025 3595 1202 3649 Schraderurn
1230 3597 1321 3648 obser-

267 3692 292 3724 v.
306 3675 449 3728 Scatone.
463 3694 507 3745 9²·
525 3678 577 3728 Ubi
591 3691 678 3730 autam
692 3691 768 3743 sant,
819 3696 894 3730 tasse
908 3676 943 3727 ad
954 3678 1083 3729 Musaeum
1098 3697 1123 3749 p.
1138 3676 1198 3730 315.
1214 3678 1322 3746 60ῃηί-

268 3756 313 3822 qui
337 3755 385 3805 tali
407 3760 595 3826 superstitione
620 3759 768 3824 ducantur,
820 3757 936 3808 010οη111
951 3757 1031 3808 ctiam
1049 3757 1147 3809 Gracia
1165 3755 1321 3823 gasaiwam,

267 3831 305 3882 ibi
317 3849 366 3882 nec
379 3832 489 3900 desunt,
502 3838 548 3907 qui
568 3836 690 3889 fraudem
701 3837 768 3890 lavi·
817 3854 870 3907 qua
889 3854 955 3888 voce
968 3836 1067 3908 pedum
1086 3839 1169 3889 robur
1181 3837 1321 3890 etveloci-

266 3911 315 3960 tati
335 3911 451 3976 faciant,
470 3927 496 3964 et
516 3915 597 3966 modo
617 3915 696 3967 rebus
717 3934 766 3967 sao
816 3929 897 3968 tatem
911 3917 991 3987 prisci
1003 3917 1319 3978 hominesdeclarsbant;

264 3991 426 4058 jameventa
439 3995 600 4057 manifestis,
614 3996 695 4046 modo
713 3997 768 4047 ani·
816 3996 863 4047 sed
883 3998 976 4048 melius
994 4011 1081 4069 poette
1102 3999 1140 4049 rei
1161 3997 1319 4049 miraculum

266 4069 355 4118 misia
367 4069 468 4120 incerto
485 4071 687 4138 lluctaautiltus,
703 4095 768 4145 prae·
817 4077 990 4128 retinuerunt.
1027 4077 1068 4128 Ad
1099 4077 1242 4128 Arcadiam
1273 4076 1320 4128 illa

267 4149 396 4203 dictiones
410 4153 513 4224 egregie
527 4154 647 4211 tarentas
666 4157 694 4209 ia
712 4175 768 4209 1110-
817 4169 936 4228 spectat,
962 4159 1002 4210 uti
1026 4158 1105 4210 etiam
1131 4155 1319 4226 Erymanthius
