2968 4696
288 423 350 489 306
535 421 568 482 P.
592 415 824 480 VIRGlLll
846 402 1077 480 MARONI'S

288 545 523 633 Exsultantque
535 559 614 607 aestu
628 541 756 619 latices;
769 541 848 603 furit
861 540 948 604 intus
960 541 1057 628 aquai

287 649 446 716 Fumidus
457 667 555 738 atque
568 647 631 711 ulte
644 646 769 734 spumis
782 643 938 708 exuberat
949 644 1070 723 amnis;
1288 631 1341 713 465

265 782 269 788 ·
286 759 355 822 Nec
363 757 430 845 jam
443 777 478 819 se
491 755 577 842 cupit
588 751 692 830 unde,
705 751 793 815 volat
804 773 909 838 vapor
919 765 990 813 ater
999 747 1042 812 ad
1053 771 1169 824 aures.

288 866 374 951 Ergo
388 865 448 927 iter
459 859 501 924 ud
513 883 623 948 regem
637 858 761 946 pollute
775 879 856 944 pace
869 856 1023 919 Latinum

289 968 407 1034 Indicit
419 967 531 1055 primis
540 965 715 1054 juvenum,
730 980 763 1027 et
770 961 867 1050 jubet
878 983 968 1024 arma
979 959 1100 1047 pareri,

288 1076 404 1140 Tutari
417 1071 557 1150 ltaliam,
574 1069 751 1135 detrudere
764 1067 885 1131 finibus
899 1066 1028 1130 hostem
1041 1087 1047 1126 :

288 1183 329 1248 se
342 1181 417 1246 satis
430 1177 591 1242 ambobus
604 1176 808 1264 Teucrisque
821 1173 934 1236 venire
947 1172 1148 1258 Latinisque.
1285 1182 1334 1243 47⁰

289 1291 368 1354 Haec
380 1287 437 1350 ubi
450 1285 536 1350 dictu
549 1281 654 1360 dedit,
669 1281 830 1368 divosque
844 1279 878 1340 iu
889 1293 965 1340 vota
976 1275 1123 1353 vocavit,

288 1397 443 1462 Certatim
456 1415 527 1458 sese
540 1391 654 1455 Rutuli
666 1389 881 1453 exhortantur
891 1387 925 1448 in
937 1406 1035 1447 arma.

285 1551 366 1595 Prone.
376 1570 408 1581 -
416 1541 469 1601 464.
479 1544 507 1586 Ιιι
515 1541 561 1584 Erl.
572 1551 689 1586 corrector
700 1549 753 1584 autc
766 1537 846 1583 oculot
857 1535 964 1581 habuisse
976 1533 1067 1580 videtur
1078 1535 1231 1596 Exsupemrit.
1243 1535 1332 1580 Verum

286 1618 388 1666 exultare
400 1627 434 1661 cst
444 1611 471 1660 ert
482 1606 608 1658 ὰιιιύύιιι.
620 1613 662 1672 Ap.
673 1610 739 1654 llum.
751 1607 767 1652 l.
776 1625 796 1652 c.
810 1619 844 1653 ert
853 1602 915 1653 nictu
925 1601 1176 1668 ζιῗῖιδιι-πιὶιιιθιν
1187 1602 1330 1665 mercides.

287 1692 356 1751 Quod
367 1689 431 1736 lebes
443 1687 504 1732 idem
517 1697 550 1730 eu
562 1679 639 1742 κνίσσῃ
649 1678 787 1742 pellimur
798 1692 854 1742 puta
866 1679 957 1740 poetico
973 1678 1046 1723 lormr
1058 1677 1145 1722 dictum
1158 1693 1201 1740 pro
1212 1693 1252 1734 eo,
1265 1678 1332 1741 quod

286 1760 397 1806 inlebete
411 1757 557 1808 continetur,
569 1752 650 1813 εὐῆρες
669 1767 712 1812 pro
728 1745 809 1795 erim
825 1746 961 1808 μιλὸομῦικ.
978 1751 1048 1811 uqtun'
1061 1747 1138 1793 llcint.
1154 1751 1260 1804 retraxit,
1276 1764 1332 1793 narn

286 1829 363 1890 vulgg.
379 1841 445 1890 uque
458 1827 503 1878 vis,
517 1822 581 1885 quod
594 1834 616 1867 et
631 1820 813 1882 Cuningharniut
825 1817 907 1863 maluit
921 1821 1029 1863 retinere.
1042 1817 1199 1864 Memorabilit
1211 1831 1244 1864 eet
1255 1817 1331 1864 Sertis

285 1911 357 1946 notu:
372 1899 460 1960 naquni
472 1911 477 1940 :
490 1896 555 1939 Hunc
569 1894 678 1938 dt'oeresim
693 1895 767 1936 Tucca
779 1899 802 1936 et
815 1888 1026 1952 Vuriusfecerunt,·
1041 1904 1094 1933 num
1112 1889 1219 1953 Vr'ryr'lt'us
1231 1893 1263 1935 sie
1276 1887 1332 1934 reli-

284 1977 365 2035 quemt
374 1967 448 2030 :furit
462 1968 522 2009 t'nttts
534 1977 599 2025 aqure
610 1965 656 2018 vis,
670 1961 778 2006 Fumidus
790 1968 858 2022 atque
867 1985 898 1994 —
907 1961 980 2002 amnt's
986 1977 994 2012 ,·
1005 1959 1066 2021 quod
1076 1963 1131 2004 sutis
1141 1973 1244 2021 cepenam
1249 1959 1305 2021 fitt't.
1318 1979 1331 2000 ι

284 2039 379 2086 ludicio
389 2037 484 2101 quidem
495 2037 590 2098 adjecto
603 2037 639 2079 vix
651 2033 793 2086 subscribas;
804 2030 878 2076 multo
889 2031 951 2075 enim
961 2029 1056 2074 mollior
1064 2029 1135 2076 altera
1145 2031 1194 2076 lraec
1205 2034 1270 2076 ratio.
1281 2031 1332 2077 Nisi

286 2111 347 2158 forte
358 2111 465 2156 Serviane
479 2107 546 2152 aliter
560 2121 584 2150 se
598 2104 728 2159 habebant,
742 2115 768 2148 ut
781 2119 808 2148 ex
820 2101 893 2163 glossa
906 2101 974 2162 primi
989 2101 1073 2146 Moret.
1085 2103 1207 2163 suspiceris
1218 2115 1224 2146 t
1240 2103 1332 2163 ndquoe

286 2183 320 2229 vit
331 2183 434 2244 opposuit
448 2182 534 2232 Tucca,
546 2179 599 2241 quia
612 2179 676 2221 nimis
687 2190 765 2237 aspere
778 2176 854 2219 sonuit
862 2187 928 2234 aquae
940 2173 1026 2226 amnis,
1035 2173 1096 2236 quod
1109 2171 1216 2236 Viryt'lr'us
1226 2175 1289 2236 prius
1299 2171 1335 2217 ὐπ’

285 2255 386 2316 poturit.»
404 2251 472 2296 Certe
487 2247 538 2302 ille,
555 2249 717 2310 aquaiamut‘s,
734 2245 788 2290 satis
802 2244 861 2288 dure
873 2242 934 2286 dieta
946 2241 1068 2297 videntur;
1084 2244 1126 2288 etti
1140 2244 1172 2288 sic
1189 2246 1249 2289 riuus
1263 2257 1332 2308 aqua

284 2323 333 2371 Eel.
345 2324 412 2378 Vlll,
427 2321 464 2384 87.
480 2321 575 2381 Propter
587 2333 654 2381 aqttae
667 2320 753 2369 n'vum5
767 2313 831 2376 quod
847 2313 916 2358 etiam
931 2313 1073 2373 Pomponius
1087 2329 1115 2358 ex
1127 2312 1234 2375 pleniore
1248 2317 1330 2360 Servio

286 2404 412 2455 comparet.
425 2390 473 2436 Sed
485 2387 620 2433 defenditur
632 2387 681 2432 htec
690 2386 761 2431 lectio
770 2385 841 2447 aquei
848 2394 903 2426 noto
916 2381 984 2426 Probi
996 2379 1036 2425 lib.
1047 2383 1058 2424 l
1070 2382 1116 2427 Art.
1127 2383 1250 2430 Grammat.
1263 2383 1332 2441 loeo,

285 2465 327 2509 ubi
338 2475 440 2524 quntum·
451 2470 541 2505 tuntum
552 2458 609 2503 locis
618 2460 716 2518 priscum
725 2453 789 2500 illam
800 2453 897 2500 secundi
907 2467 972 2497 cesus
981 2451 1077 2498 formam
1087 2469 1099 2498 a
1109 2467 1177 2516 poeta
1185 2459 1276 2518 agnosci
1286 2455 1332 2500 do-

287 2547 330 2579 cet.
347 2529 442 2578 Accedit
458 2530 545 2576 Medic.
564 2527 661 2574 llentel.
676 2543 721 2573 sec.
738 2541 762 2572 et
776 2543 788 2571 ι
804 2542 834 2572 m.
847 2541 893 2570 rec.
906 2522 1015 2569 llottend.
1028 2539 1086 2580 sec,
1099 2537 1147 2570 tum
1160 2543 1202 2589 pro
1214 2528 1260 2574 dir.
1274 2527 1331 2573 leet.

287 2613 339 2649 tert.
351 2614 374 2647 et
384 2602 448 2647 Leid.
459 2617 494 2662 pr.
504 2601 562 2644 ltem
571 2597 648 2644 Schol.
658 2598 731 2643 Penii
741 2614 761 2642 v.
770 2597 850 2642 lleins.
862 2597 890 2639 At
898 2607 965 2656 aquoe
975 2596 1008 2638 vr's
1017 2607 1097 2639 omnen
1106 2597 1177 2642 ceteri
1187 2597 1240 2644 libri
1249 2613 1332 2660 agnoe-

231 2697 233 2702 ν
287 2683 355 2726 cunt,
373 2686 472 2734 quorum
489 2668 599 2715 familiam
616 2667 681 2713 ducit
697 2667 763 2712 Rom.
776 2681 829 2712 cum
844 2665 925 2725 fragm.
938 2664 1013 2709 Varie.
1028 2663 1091 2709 luter
1103 2665 1271 2712 edltneAldinae
1283 2667 1331 2713 ltoe

287 2744 350 2789 idem
364 2754 470 2796 tuentur;
486 2741 527 2787 ted
543 2753 656 2786 mutatum
669 2742 693 2784 in
707 2741 772 2785 Junt.
787 2751 809 2784 et
825 2738 953 2798 repositum
967 2737 1037 2798 nquut'
1048 2735 1078 2780 ad
1089 2737 1209 2783 Benedicti
1222 2738 1332 2796 ductum,

287 2815 328 2876 qui
342 2827 365 2859 et
380 2816 430 2875 ipse
443 2815 585 2875 suspicatur,
597 2809 795 2856 narratiunculam
810 2807 873 2870 apud
890 2807 994 2852 Serrium
1009 2820 1058 2852 esse
1071 2812 1264 2866 commentitiam
1274 2825 1332 2856 nem

288 2882 347 2929 nihil
359 2901 372 2928 n
382 2884 458 2928 Tucca
470 2891 583 2928 mutatum
595 2895 645 2928 este
655 2881 763 2927 debuisse
775 2897 788 2926 e
801 2878 852 2939 lege
864 2879 969 2939 Augusti.
982 2879 1097 2924 Provocat
1109 2878 1170 2924 idem
1181 2880 1210 2925 ad
1221 2882 1334 2940 Quineti-

290 2953 377 2999 lianum
385 2955 392 3010 (
400 2953 454 2998 lnst.
466 2967 487 3012 7,
503 2951 537 3005 18,
547 2951 587 2996 ubi
597 2965 644 2996 non
657 2953 681 2996 in
690 2949 799 2995 omnibus
809 2947 894 3008 legitur
902 2947 1029 3010 aqualem
1036 2959 1124 2994 tentum
1137 2947 1233 2996 alterum
1245 2949 1312 2995 nutat.
1324 2953 1333 3008 )

289 3023 333 3067 Vir
342 3021 394 3067 tolia
402 3021 432 3065 ad
441 3020 555 3084 liquidum
563 3019 659 3081 perduci
671 3032 778 3081 possunu
789 3019 866 3080 potuit
874 3019 907 3061 vis
917 3016 946 3061 ab
956 3031 1004 3061 uno
1014 3017 1094 3063 codiee
1104 3019 1192 3074 abesse,
1202 3032 1225 3065 et
1234 3019 1331 3082 supple-

290 3105 326 3137 tus
343 3107 391 3138 etse
409 3105 488 3136 versus
503 3106 516 3134 ι
533 3089 602 3134 docto
614 3091 664 3134 viro
677 3092 724 3143 ric,
740 3101 766 3134 ut
778 3087 901 3141 scriberet,
920 3090 1003 3149 aquat·
1021 3090 1096 3148 potuit
1112 3103 1207 3152 quoque
1220 3089 1250 3134 nb
1264 3091 1332 3135 initio

290 3163 360 3224 aquei
369 3163 480 3222 scriptum
492 3173 553 3212 etse,
564 3169 625 3203 etro
634 3157 741 3218 neglecto
751 3173 763 3202 e
776 3157 873 3202 librario
880 3171 947 3219 uque
957 3158 1062 3202 relictum
1072 3159 1097 3202 in
1108 3173 1174 3221 aquoe
1183 3162 1222 3204 νὺ.
1232 3161 1258 3204 P.
1270 3161 1332 3205 scri-

291 3235 349 3278 rcrii
363 3231 487 3278 lectionem
502 3227 638 3274 Exsultente
652 3237 708 3274 estu
724 3227 800 3274 latices
811 3230 882 3290 erupit
892 3230 962 3291 aquei
971 3227 1058 3274 refellit
1070 3229 1185 3275 Heiutiue.
1199 3231 1242 3275 Cui
1255 3241 1332 3284 voert,

292 3299 400 3347 refellere
412 3312 488 3362 potest
500 3311 523 3344 et
535 3297 602 3344 aliam
615 3298 737 3344 Schraderi
752 3299 783 3344 ad
795 3299 907 3344 Musaeum
919 3314 942 3360 p.
960 3297 1011 3344 233.
1025 3321 1056 3334 -
1069 3297 1123 3354 465.
1137 3315 1244 3362 spumans
1257 3302 1330 3362 lliget.

286 3370 359 3432 firmis
372 3369 436 3415 Leid.
448 3385 518 3431 vapor
528 3366 588 3416 ultus
600 3368 645 3413 tuf.
658 3391 689 3404 -—
700 3368 753 3425 468.
766 3368 856 3413 Inducit
865 3370 923 3414 Ven.
935 3377 958 3414 et
968 3368 1040 3414 abest.
1054 3383 1088 3430 pr.
1103 3370 1227 3432 [lemburg.
1237 3395 1267 3404 -
1275 3370 1330 3431 469.

292 3441 358 3487 ltalia
370 3440 428 3487 alter
440 3441 531 3503 Menag.
543 3442 561 3485 l.
572 3449 593 3484 et
603 3440 625 3485 d.
638 3457 673 3502 pr.
684 3467 716 3476 -
726 3440 779 3504 470,
789 3454 832 3504 que
842 3442 866 3484 in
877 3441 922 3486 line
934 3439 998 3486 abest
1011 3439 1102 3496 multis,
1113 3457 1140 3486 ex
1152 3458 1224 3488 more.
1236 3467 1266 3476 -
1275 3441 1329 3502 47).

292 3568 330 3616 vit
338 3564 464 3635 ahenum)
475 3563 539 3614 dixit
549 3575 578 3614 ut
585 3559 672 3632 ptirpu
682 3564 787 3633 epirollu
871 3563 920 3632 467
930 3569 969 3602 ·'-
978 3563 1037 3632 474
1045 3561 1151 3632 polluta
1158 3583 1224 3636 paee
1233 3565 1333 3618 violata

295 3643 523 3714 HomerusOtlyss.
533 3643 561 3703 θ,
571 3643 631 3712 437;
642 3657 706 3696 etex
714 3657 787 3695 utro·
834 3645 888 3712 jum
902 3661 917 3693 u
929 3641 1036 3703 Latino,
1052 3655 1143 3713 erepta
1156 3643 1205 3695 sibi
1219 3646 1332 3715 conjuge

295 3741 346 3792 quc
359 3721 418 3771 leco
433 3721 547 3787 Quintus
560 3720 615 3772 Cel.
630 3721 720 3774 Certlre
732 3723 789 3774 lnu·
838 3729 950 3792 sperut'u.
969 3721 1055 3771 venite
1067 3733 1106 3772 est
1120 3724 1238 3793 gradus,
1252 3740 1332 3794 quent

294 3799 371 3851 datus
384 3799 394 3868 (
405 3799 494 3862 lilnv,
506 3800 552 3850 381
568 3817 641 3870 seqq.
656 3801 688 3852 tle
701 3802 788 3870 Ajacis
838 3817 894 3852 esse
908 3821 914 3850 ε
938 3813 967 3850 ut
988 3799 1051 3852 olibi
1072 3805 1209 3853 monitum.
1223 3833 1257 3842 -
1269 3805 1332 3871 471.

295 3877 789 3949 ire).Ornetereliquaquoque:Fu·
837 3880 907 3931 diuos
934 3880 960 3934 iu
983 3891 1042 3931 uota
1063 3883 1178 3945 vocavit,
1199 3884 1333 3935 invocavit

296 3957 380 4007 midus
398 3957 483 4007 utnnir
494 3975 569 4028 eqrtu·
578 3997 586 4021 ,
605 3977 703 4028 vapor,
717 3958 790 4029 furit
837 3959 920 4009 votis:
935 3960 969 4009 cl.
984 3959 1016 4009 ed
1035 3959 1082 4009 lib.
1094 3959 1130 4022 V,
1145 3962 1196 4027 ²3l
1207 3963 1333 4028 fudissen-

296 4035 379 4098 intus,
392 4043 472 4104 etque
483 4035 536 4084 alte
547 4038 643 4105 spumis
653 4038 787 4104 exuberat,
838 4058 888 4111 que
907 4057 1008 4109 preces,
1023 4039 1146 4112 divosque
1167 4043 1194 4092 in
1212 4055 1267 4094 vota
1286 4063 1333 4094 uo-

297 4127 407 4184 tpumnt.
838 4129 923 4169 castet.
936 4116 1066 4184 ι’πιὺξιιιι.
1080 4149 1113 4157 -
1124 4120 1183 4187 471.
1197 4121 1336 4174 exhortam
