2956 4680
466 357 528 420 An
552 357 752 419 itanum
772 356 881 419 vttt.
1123 356 1190 438 iss·

155 477 241 530 multe
256 495 308 530 non
322 475 477 543 credidisse,
491 497 548 549 quae
561 477 626 529 alios
643 477 751 530 credere
763 477 862 528 voiuit:
876 487 903 528 et
917 475 968 530 hoc
979 478 1122 550 voluptatis
1133 481 1191 530 rim

159 575 264 626 omnem
276 557 413 607 imminuit.
427 557 532 608 Utinam
549 557 641 608 saitem
652 557 801 626 graviorem
813 568 838 606 et
850 555 1057 625 probabiliorem
1071 574 1189 608 caussam

157 635 312 704 reperisset,
323 653 370 685 cur
377 636 463 686 AEneae
471 636 571 706 clipeus
582 634 671 686 divina
682 647 737 686 arte
746 635 831 686 iactus
839 633 991 686 afferendos
1000 639 1068 687 etati
1078 633 1188 686 Achillis

158 711 258 782 clipeus
278 714 398 766 Patroclo
417 715 527 784 spoliato
548 716 574 764 in
591 714 711 764 Hectoris
730 724 887 782 potestatem
903 725 1023 774 venerat;
1036 711 1129 764 eodem
1144 710 1189 763 ille

156 809 218 842 mox
226 805 310 844 tectus
319 795 346 844 in
354 813 443 865 pugna
453 795 567 845 muneris
579 793 757 863 praestantiam
767 790 950 857 commendat,
962 791 1036 843 iliad.
1050 811 1077 852 o,
1089 791 1140 855 afli
1148 797 1187 860 sq.

157 871 189 921 ln
197 871 281 924 AEneae
292 886 396 925 strenue
405 875 481 925 iactis
494 872 573 943 clipei
583 873 731 942 praecipuus
745 889 806 923 usus
818 889 873 922 non
886 873 1010 934 occurrit,
1020 871 1070 921 nisi
1081 870 1150 920 forte
1161 870 1189 919 in

158 969 248 1022 pugna
261 971 320 1004 cum
333 955 423 1005 Turno
434 953 480 1004 lib.
493 953 554 1016 ΧΗ,
571 951 628 1021 739.
641 949 796 1003 Desiderare
809 951 870 1003 licet
881 953 940 1022 pari
951 951 1030 1002 modo
1044 951 1191 1021 graviorem

159 1047 279 1082 caussam
292 1033 370 1102 clipei
384 1033 417 1085 ab
430 1031 545 1084 Hesiodo
558 1043 612 1083 tam
622 1032 728 1102 copiose
741 1031 875 1100 descripti.

193 1109 305 1161 inierior
315 1113 428 1163 Homero
435 1115 462 1162 in
475 1110 526 1162 hoc
534 1111 609 1161 Maro
622 1121 675 1175 est,
687 1109 773 1180 quod,
787 1122 813 1159 ut
819 1111 872 1177 jam
884 1127 899 1160 a
911 1105 1001 1162 Servio
1012 1107 1189 1170 observatum,

128 1255 131 1260 Ι
161 1183 218 1236 illie
229 1187 348 1260 singula,
360 1192 423 1242 dom
429 1188 522 1261 fiunt,
536 1200 692 1239 sumuntur:
707 1188 749 1238 hic
761 1207 819 1240 vero
829 1186 945 1258 perfecto
957 1205 1032 1258 opere
1043 1197 1190 1238 noscuntur.

159 1263 231 1314 Nam
245 1266 324 1317 ethic
341 1287 414 1319 anna
430 1269 505 1339 prius
520 1268 620 1339 occepit
636 1269 732 1320 AEneus
746 1285 827 1338 quum
837 1275 975 1336 spectaret,·
994 1264 1045 1329 ibi,
1057 1278 1193 1335 postquam

160 1344 250 1395 omnia
270 1358 375 1397 narrata
393 1359 469 1411 sunt,
487 1347 523 1399 sic
537 1366 554 1397 a
574 1345 681 1397 Thetide
697 1345 851 1415 deferuntur
864 1345 900 1394 od
913 1342 1053 1395 Achillem.
1069 1344 1135 1410 Quae
1150 1341 1191 1392 his

158 1422 266 1490 subjicit
278 1423 330 1475 siis
341 1425 459 1490 Servius,
471 1443 526 1475 non
538 1423 679 1495 probanda
692 1442 787 1476 censeo
799 1445 806 1473 ι
819 1442 926 1487 rerum,
940 1441 1020 1492 quum
1032 1423 1065 1474 ab
1077 1423 1192 1473 Homero

161 1498 269 1550 aiteram
282 1504 410 1554 rationem
423 1515 580 1573 occupatam
594 1501 710 1566 videret,
727 1500 791 1572 quid
805 1502 905 1553 iaceret
915 1503 1008 1565 Maro,
1024 1502 1089 1564 nisi,
1107 1511 1152 1566 ut,
1171 1499 1193 1549 si

161 1580 226 1650 quid
234 1599 331 1634 novare
339 1584 453 1648 volebat,
467 1583 539 1653 quod
551 1584 642 1653 utique
651 1581 775 1644 debebat,
789 1580 822 1632 ad
834 1581 952 1646 alteram,
964 1581 1005 1632 vel
1018 1582 1123 1644 invitus,
1136 1579 1194 1632 des·

160 1658 296 1739 conderet,
308 1674 478 1732 narraretquc
489 1661 556 1713 adeo
569 1667 600 1712 ‘ac
613 1662 701 1731 potius
713 1660 883 1723 describeret,
895 1679 951 1730 quae
963 1663 1015 1729 jam
1027 1662 1098 1712 iactu
1109 1671 1192 1710 erant.

159 1734 211 1787 Sed
223 1737 278 1788 hac
287 1741 342 1806 jam
353 1741 485 1792 veteribus
498 1739 650 1804 observata,
663 1753 692 1790 ut
701 1741 729 1789 in
741 1737 969 1804 Servioridimus,
983 1739 1060 1790 docte
1071 1757 1101 1790 ac
1114 1738 1196 1789 subti-

157 1813 219 1867 liter
233 1820 352 1887 exposuit
363 1820 511 1890 Lcssingius
523 1819 708 1871 inLaocoonte
716 1838 743 1889 p.
760 1819 808 1885 184
822 1836 879 1888 sqq.

195 1893 239 1944 Est
253 1907 338 1947 tamen
351 1895 422 1947 aliud
434 1916 487 1948 uon
500 1916 572 1967 reque
586 1896 770 1961 observatum,
788 1895 861 1965 quod
878 1908 966 1948 tamen
985 1915 1110 1968 magnum
1128 1898 1196 1948 inter

160 1969 303 2023 Homerum
314 1986 339 2024 et
346 1975 493 2045 Virgilium,
504 1988 530 2025 et
538 1977 674 2043 utriusque
683 1974 761 2043 clipei
769 1973 972 2042 descriptionem
983 1974 1123 2027 discrimen
1132 1993 1195 2026 tistit-¹

160 2051 254 2102 stituit.
267 2050 308 2101 Ab
320 2053 434 2102 Homero
452 2063 605 2122 argumenta
620 2051 809 2119 itadescripta
827 2062 904 2113 sunt,
920 2061 951 2099 ut
965 2049 1096 2100 oculorum
1111 2051 1197 2102 mmai

161 2132 275 2202 objecta,
288 2143 314 2183 ct
325 2146 384 2184 ante
395 2130 483 2183 oculos
490 2130 575 2200 positu
584 2147 635 2180 csse
647 2129 836 2190 videantur;,ut
848 2129 972 2200 Virgilius
985 2129 1063 2182 aliam
1074 2132 1145 2182 viam
1157 2134 1198 2183 in-

161 2230 264 2282 gressus
277 2212 358 2262 menti
366 2223 392 2262 et
402 2212 508 2274 animo,
519 2228 564 2274 ea,
575 2227 632 2279 qum
645 2225 767 2278 expressa
778 2210 805 2259 in
818 2207 908 2278 clipeo
916 2209 1029 2272 fuerint,
1042 2211 1179 2280 cogitando
1188 2247 1198 2275 ‚

162 2309 216 2341 non
229 2291 349 2356 videndo,
359 2291 491 2362 proponit.
506 2289 573 2340 Nam
582 2305 689 2339 exorsus
702 2299 774 2338 crat:
787 2282 849 2335 illic
860 2303 897 2336 nes
905 2282 986 2336 Italas
991 2286 1125 2356 feceratv.
1136 2287 1198 2352 626,
1226 2329 1230 2335 .

162 2388 211 2420 nec
222 2389 285 2420 vero
296 2388 339 2422 eas
350 2369 474 2439 deinceps
485 2378 600 2428 enarrat,
610 2365 657 2418 sed
668 2367 774 2435 potiora
787 2375 891 2414 tantum
899 2361 1027 2415 nonnulis
1039 2382 1068 2415 ex
1081 2366 1112 2416 iis
1124 2366 1202 2416 attin·

162 2449 215 2518 git,
228 2449 280 2500 siis
292 2449 414 2501 disertius
427 2447 534 2518 quidem
546 2447 671 2516 exponit,
684 2446 721 2496 ita
734 2457 820 2494 tamen
831 2479 840 2506 ,
852 2444 919 2494 utin
932 2456 1045 2494 mentem
1057 2445 1145 2513 potius
1155 2461 1198 2494 re-

162 2541 255 2593 vocet,
268 2540 309 2592 et,
323 2527 456 2598 quomodo
467 2543 590 2596 expressa
601 2526 653 2576 sint
666 2536 711 2574 aut
720 2541 776 2576 essa
789 2523 940 2592 potuerint,
952 2521 1097 2591 judicanda
1106 2523 1200 2576 lectori

162 2606 302 2677 relinquat.
316 2609 370 2659 Nec
382 2607 432 2658 nisi
448 2607 475 2657 in
493 2605 572 2657 rebus
588 2604 698 2674 Augusti
711 2601 746 2654 ad
763 2601 841 2671 clipei
858 2603 942 2670 ipsam
954 2603 1070 2672 speciem
1082 2603 1199 2652 animum

162 2699 281 2737 nostrum
294 2697 399 2738 revocat
409 2697 434 2736 et
446 2681 623 2756 anaglyphum
635 2681 705 2752 opu's
717 2677 826 2752 aliquod
838 2677 980 2732 describit:
993 2680 1041 2748 671
1056 2679 1120 2731 Hoec
1135 2679 1201 2730 inter

165 2766 260 2818 tumidi
271 2764 323 2816 late
335 2765 413 2816 maris
427 2765 480 2815 ibat
492 2763 578 2835 imago
591 2779 649 2832 sqq.

198 2844 319 2916 Pugnam
339 2845 365 2894 in
382 2843 468 2912 clipeo
486 2841 797 2912 exscisiptamqiiomanus
813 2851 894 2910 poeta
910 2839 1013 2908 egregie
1031 2837 1161 2899 variavit,
1177 2838 1200 2888 si

164 2940 224 2976 cum
237 2925 376 2974 Homerico
388 2935 413 2973 ct
428 2920 560 2972 Hesiodeo
573 2921 659 2990 clipeo
673 2937 820 2989 compares.
833 2919 917 2968 Graeci
934 2927 1019 2986 poetas
1031 2913 1077 2966 illo
1091 2915 1200 2984 antiquo

164 3017 284 3053 sermone
293 2999 417 3070 praeiere
427 3000 454 3048 in
463 2997 514 3048 hoc
526 2999 567 3050 usi
576 3011 667 3060 eraut,
678 3009 707 3046 ut
716 2995 810 3063 Ἔριδι,
821 2995 895 3060 Ripa,
907 2993 993 3054 Φόβοι,
1003 2994 1031 3043 in
1041 2993 1096 3044 acie
1106 2995 1202 3044 consti·

164 3092 277 3132 tuerent.
289 3077 402 3132 Reddita
413 3077 468 3129 haec
482 3079 540 3147 ipsa
552 3089 597 3128 aut
610 3075 704 3126 similia
717 3075 859 3145 sculptoris
873 3085 927 3124 arte
940 3073 1047 3123 inerunt
1058 3073 1085 3122 in
1097 3070 1202 3142 Cypseli

165 3179 226 3211 arca
240 3159 311 3229 apud
328 3159 500 3222 Pausaniam,
520 3175 577 3226 quse
596 3154 728 3226 sigillatim
748 3153 810 3204 olim
827 3153 975 3204 accuratius
995 3169 1012 3202 a
1027 3170 1067 3202 me
1083 3151 1203 3220 exposita

165 3251 240 3289 sunt:
254 3237 377 3308 Virgilius
388 3252 506 3306 puppam
519 3231 639 3285 navalem
651 3231 785 3284 substituit
798 3243 823 3281 et
836 3229 869 3282 ab
881 3229 1004 3300 ApoHine
1016 3229 1124 3279 Actiaco
1137 3244 1202 3297 pro·

164 3319 223 3388 pria
234 3335 320 3368 rerum
334 3327 487 3388 argumenta
499 3315 592 3385 petivit
604 3329 685 3364 vcrss.
699 3312 749 3381 677
764 3329 823 3382 sqq.

199 3395 287 3461 Quum
299 3397 325 3446 in
337 3393 378 3446 his
387 3394 523 3464 Virgilium
533 3391 574 3444 vel
587 3389 729 3442 defendam
742 3391 782 3440 vei
791 3407 927 3451 excusem,
940 3399 979 3438 est
991 3385 1072 3450 uliud,
1082 3385 1154 3456 quod
1169 3384 1202 3436 ab

167 3473 225 3525 aliis
238 3493 291 3525 non
305 3473 491 3544 reprehensum
503 3470 596 3532 video,
609 3471 665 3540 ipse
680 3488 746 3540 aegre
758 3471 867 3521 fero.1n
881 3485 966 3518 rerum
979 3466 1078 3517 scilicet
1090 3463 1202 3526 dilectu,

168 3555 272 3623 quasin
289 3553 376 3623 clipeo
389 3552 536 3622 exsculptus
550 3549 636 3612 dedit,
655 3562 755 3600 certum
770 3548 900 3617 judicium
917 3547 959 3596 vix
975 3557 1101 3614 sequutus
1120 3542 1203 3593 videri

167 3645 263 3704 potest.
280 3633 390 3684 Omissis
407 3633 476 3684 enim
493 3629 575 3686 multo
592 3629 748 3680 clarioribus
763 3629 839 3680 iactis
856 3626 966 3678 intexuit
981 3623 1126 3688 nonnulis,
1146 3639 1203 3692 quae

169 3710 303 3781 quomodo
315 3712 384 3762 inter
397 3710 542 3781 insigniora
555 3710 732 3760 Romanorum
749 3709 821 3759 facta
836 3704 878 3756 vel
892 3706 948 3756 fata
964 3704 1056 3754 referri
1066 3702 1205 3772 potuerint

167 3807 222 3840 nou
235 3807 379 3860 assequor;
395 3801 424 3840 ut
438 3789 501 3840 Meti
515 3787 623 3838 Fuiietii
637 3786 812 3858 supplicium,
827 3782 899 3855 quod
912 3781 1045 3854 quomodo
1063 3779 1204 3831 defendam

168 3885 223 3918 uon
235 3866 338 3929 liabeo;
352 3868 453 3918 etiarnsi
465 3866 572 3932 dixero,
586 3865 654 3919 Alba
665 3865 767 3929 diruta,
779 3862 1005 3934 Romaminsignia
1014 3871 1204 3928 consequutam

169 3961 225 3996 esse
238 3947 414 4009 incrementa,
427 3957 452 3995 et
464 3943 610 3996 foeditatem
621 3943 780 4016 spectaculi,
793 3942 827 3994 ad
840 3955 957 3992 nostrum
967 3957 1073 3991 sensum
1083 3935 1204 3988 intolera-

168 4023 262 4091 bilem,
275 4025 374 4096 asperis
387 4036 413 4077 et
423 4023 585 4100 gladiatoriae
595 4043 690 4098 pugnae
700 4023 816 4077 adsuetis
825 4022 1004 4076 Romanorum
1015 4019 1108 4072 animis
1118 4017 1203 4067 minus
