2968 4696
400 399 647 468 .AENElDOS
670 401 823 466 LIBER
846 391 933 465 Vll.
1125 404 1187 500 317

157 523 219 593 llic
231 549 348 617 specus
359 526 579 607 horrendum,
594 527 672 592 saevi
683 526 844 614 spiracula
856 527 953 607 Ditis,

155 635 370 712 Monstratur,
382 648 547 723 ruptoque
558 633 677 720 ingens
689 631 874 697 Acheronte
887 618 1008 720 vorago

155 738 328 805 Pestiferos
339 740 444 828 aperit
456 738 660 826 faucis3quis
673 735 804 803 condita
817 737 970 826 Erinnys,
1147 745 1192 804 ⁵7⁰

157 843 304 908 Invisum
317 867 454 924 numen,
467 860 570 909 terras
582 843 765 932 caelumqoe
777 841 914 907 levabat.

201 949 269 1015 Nec
280 951 390 1016 minus
401 951 527 1015 interea
539 965 716 1014 extremam
727 948 876 1014 Saturnia
888 947 976 1013 bello

156 1160 238 1204 mooe
248 1172 283 1206 ert
291 1159 403 1208 bbmrnm
415 1165 536 1226 scriptura.
548 1185 579 1196 -
590 1159 642 1206 568.
657 1161 701 1206 Hic
713 1173 793 1222 specus
808 1158 931 1206 lton-enm
944 1162 1034 1224 antiqui
1047 1161 1116 1209 codd.
1132 1165 1194 1227 apud

157 1227 221 1273 Serv.
237 1239 260 1274 et
271 1244 312 1276 mr.
327 1230 450 1294 Gipbanii,
462 1229 500 1277 bic
509 1230 605 1295 quidem
617 1241 730 1293 sequente
744 1236 778 1284 et,
793 1227 858 1292 quod
871 1229 895 1274 in
910 1227 1000 1286 moltis,
1015 1232 1083 1278 etiam
1097 1233 1122 1277 in
1138 1234 1192 1280 edd.

157 1293 289 1357 legebatur,
301 1301 347 1359 (ita
358 1315 437 1347 versor
446 1313 505 1347 erret
516 1302 614 1364 antiqno
625 1313 690 1345 more
702 1297 879 1345 constituendus
890 1297 955 1345 elisio
966 1298 1049 1346 sibilo:
1063 1299 1107 1348 llic
1116 1317 1195 1365 specus

158 1363 261 1412 lonend’
272 1377 295 1414 ct
305 1373 360 1416 sevi
365 1369 479 1434 spboculo
490 1373 565 1430 Dios)
576 1370 618 1418 red
627 1369 744 1416 sublatum
755 1369 784 1416 ab
794 1369 889 1416 llcinsio
899 1369 969 1416 codd.
979 1367 1114 1427 meliorum,
1127 1376 1197 1421 etiam

157 1435 329 1496 Firmanorum,
343 1445 488 1489 anctoritate.
503 1457 587 1489 soeoum
601 1441 670 1488 Gotb.
685 1456 721 1503 pr.
734 1464 767 1476 -
779 1440 832 1501 569.
847 1441 1005 1486 Monstramur
1017 1441 1095 1488 multe
1106 1443 1160 1491 edd.
1173 1458 1197 1492 rt

158 1505 240 1564 codd,
258 1511 365 1573 inprimis
382 1527 434 1576 quse
449 1515 474 1559 in
490 1528 541 1576 sup.
557 1526 626 1560 versa
639 1520 663 1556 et
676 1511 786 1556 retinent.
803 1511 832 1554 At
847 1509 955 1556 lleinrior
970 1514 1087 1558 revocarit
1103 1529 1130 1559 ex
1145 1514 1196 1560 aliis

158 1587 308 1636 massonam·
319 1583 382 1629 unde
391 1585 490 1630 comior
499 1586 546 1630 exit
557 1583 640 1628 oratio.
650 1595 713 1626 mom
721 1577 803 1626 stetilr's
812 1578 870 1638 alter
883 1578 963 1624 llrmb.
969 1612 977 1636 ,
986 1582 1046 1626 miro
1055 1597 1141 1630 errore.
1152 1585 1198 1631 Ce-

158 1656 234 1694 terum
243 1650 351 1699 observa
359 1654 462 1700 membro
472 1654 516 1700 sibi
528 1668 576 1700 non
585 1663 692 1699 accurate
703 1652 757 1696 ratis
768 1649 945 1712 respondentia,
958 1651 1000 1696 ersi
1011 1665 1048 1697 res
1060 1666 1108 1697 non
1120 1669 1197 1700 erem-

155 1717 201 1780 plir
209 1733 287 1767 caret:
299 1723 343 1770 Hic
351 1725 814 1786 specus-mostraturrwomqoopen't.
822 1719 996 1784 roproqaealter
1005 1720 1096 1783 Menafl.
1104 1747 1136 1759 -·
1144 1724 1196 1785 ⁵7⁰·

157 1805 180 1834 a·
190 1805 256 1840 vocer
266 1809 301 1856 pr.
312 1794 592 1844 deuteronomio.
606 1805 705 1857 uterque
716 1808 770 1839 conr
779 1791 832 1840 aliis
842 1791 921 1838 lleins.
933 1802 957 1838 et
968 1792 1046 1838 lint-tn.
1058 1794 1139 1840 Lectio
1150 1797 1198 1857 jam

158 1861 238 1908 Servio
250 1875 336 1910 notata.
346 1891 378 1902 -
387 1866 415 1928 57
421 1879 440 1910 1.
451 1875 474 1913 st
485 1875 500 1913 t.
512 1865 565 1911 Ald.
577 1875 660 1912 terram
668 1863 758 1926 aliquot
767 1863 828 1910 Pier.
837 1860 919 1908 coelwn
929 1869 1043 1926 wosque
1052 1861 1156 1910 Perrhae.
1167 1863 1199 1909 le·

158 1935 220 1978 ravit
227 1931 317 1997 aliquot
326 1937 387 1984 Pier.
395 1949 419 1984 et
428 1939 495 1984 Witt.
503 1936 569 2001 qnod
576 1935 704 1986 sollennior
713 1935 788 1982 oratio
796 1933 905 1996 postolat.
915 1933 1055 1990 Wakefield,
1066 1933 1142 1982 deleta
1151 1937 1197 1984 rir-

159 2131 219 2166 nea.
229 2115 379 2188 virgiliane
390 2117 563 2192 descriptioni
574 2119 653 2172 lidem
702 2134 765 2169 saxa
777 2117 863 2169 fundi.
875 2119 963 2168 Potuit
974 2116 1018 2170 bic
1027 2117 1092 2169 olim
1103 2137 1198 2189 specus

159 2191 314 2246 adstruebat
327 2217 433 2269 quoqne
447 2218 479 2251 ex
489 2201 538 2268 iis,
550 2217 608 2270 qno
621 2197 655 2250 ab
703 2213 760 2248 esse
773 2194 884 2247 odorem
898 2196 1044 2247 sulfureum
1056 2196 1197 2251 exhalans:

160 2274 245 2326 amico
267 2293 316 2326 suo
339 2277 526 2330 lloldswortbo
544 2295 656 2349 accepe-
705 2277 750 2344 qui
762 2293 833 2326 nunc
849 2276 936 2327 locam
953 2277 1068 2346 recepit,
1082 2289 1199 2330 torrente

160 2365 217 2416 ret,
229 2351 356 2422 Spencius
372 2358 400 2408 in
413 2355 543 2422 Polymett'
554 2375 580 2428 p.
595 2355 654 2426 276.
704 2357 732 2407 in
752 2367 875 2426 stagnum
895 2367 1005 2406 mutato.
1027 2354 1141 2426 Copiose
1165 2356 1199 2410 de

159 2430 246 2483 ltolioe
258 2434 343 2486 medio
355 2453 408 2487 non
421 2436 536 2489 debebat
548 2437 653 2509 urgeri;
703 2433 755 2485 boc
767 2434 902 2485 Amsancti
914 2431 974 2484 lacu
986 2433 1040 2506 egit
1052 2434 1201 2487 leonardus

160 2525 199 2562 est
211 2513 297 2584 simpl.
311 2516 436 2568 initalia.
451 2516 654 2579 sumentibus,
703 2515 735 2564 de
749 2515 837 2584 Capua
851 2512 1000 2583 (liettardo
1013 2513 1041 2564 di
1055 2516 1140 2587 Capoa
1153 2515 1201 2567 le-

159 2593 304 2663 quitsmen
325 2598 377 2647 sitn
395 2595 487 2667 paullo
501 2597 654 2648 remotiores
703 2593 775 2643 sioni
799 2593 903 2644 intorno
926 2590 981 2643 olla
1004 2593 1107 2646 Natura
1134 2593 1202 2646 delle

159 2685 236 2724 sunt:
251 2673 297 2726 sed
310 2676 375 2727 silva
387 2676 450 2728 olim
462 2675 523 2728 inde
534 2695 550 2728 a
563 2677 655 2727 monti·
703 2670 805 2740 Mofete
829 2673 914 2741 1714,
934 2690 961 2742 p.
977 2688 993 2740 9
1014 2690 1053 2744 sq.
1062 2675 1081 2746 ).
1103 2674 1203 2726 Verum

159 2751 208 2804 bus
221 2751 255 2804 od
271 2753 407 2825 planitiem
422 2753 546 2827 protendi
558 2757 653 2826 potuit.
704 2771 774 2804 nnnc
785 2751 915 2806 habemus
928 2751 1133 2824 descriptionem
1146 2754 1202 2808 val-

158 2831 187 2882 ln
200 2830 275 2884 vallis
291 2833 396 2898 medio,
412 2846 440 2885 ut
454 2835 531 2886 Maro
548 2833 655 2904 quidem
703 2829 735 2883 lis
748 2846 774 2884 et
793 2831 867 2884 lacos
890 2851 905 2884 a
923 2834 1084 2902 peritissimo
1100 2846 1201 2886 naturre

159 2907 248 2962 locum
281 2910 423 2977 describit,
458 2914 542 2964 amnis
571 2915 655 2966 fertur
704 2910 1203 2982 soliterraqneiexploratore‚Abbote

161 3007 221 3040 cum
239 2991 339 3060 impetu
355 3004 382 3043 et
396 2993 511 3062 fragore.
530 2992 583 3042 llic
599 3009 656 3062 spe·
704 2986 809 3040 Alberto
833 2989 913 3040 Fortis
933 2991 1050 3056 factam,
1073 2991 1118 3060 qni
1143 2990 1203 3044 loca

160 3085 204 3119 cns
225 3067 382 3120 horrendam
405 3091 413 3120 .·
434 3089 487 3122 non
510 3070 598 3133 addit,
622 3089 657 3124 en
706 3065 771 3117 adiit
794 3079 820 3118 et
843 3070 929 3138 ipsam
952 3070 1005 3120 vim
1032 3068 1204 3139 mephiticsm

162 3148 246 3199 amnis
258 3145 324 3198 illud
340 3147 441 3201 fecerit.
461 3149 488 3200 Si
505 3149 557 3200 loci
574 3151 657 3201 facies
706 3158 829 3214 expertos
846 3159 900 3207 est;
913 3145 1002 3199 locum
1019 3165 1126 3218 quoque
1142 3147 1206 3200 tedi-

162 3245 233 3280 nnnc
242 3240 343 3281 mntsta
354 3241 409 3293 est,
422 3246 499 3280 nemo
509 3228 538 3280 id
549 3229 659 3280 mirsbi·
706 3221 772 3273 sule
784 3223 910 3294 Mephitis
928 3223 983 3278 dete
998 3224 1204 3296 deprehendisse

161 3321 205 3358 mr
223 3309 249 3360 in
270 3307 330 3359 1000
352 3308 457 3380 ignibus
478 3307 656 3362 subterraneis
707 3301 758 3354 ibi
766 3305 838 3354 visus
853 3316 906 3364 esu
920 3303 974 3356 loci
985 3307 1080 3357 faciem
1092 3305 1205 3358 multum

162 3403 249 3440 emt).
262 3387 360 3441 Lacum
377 3401 403 3440 οι
418 3387 515 3440 vallem
529 3389 579 3440 sub
590 3387 658 3440 colle
707 3398 764 3434 este
783 3396 928 3447 miliniam,
945 3387 967 3435 Sl
986 3403 1047 3436 eum
1058 3386 1206 3457 virgiliana

162 3467 266 3520 lllclbu!
303 3468 425 3534 consito,
455 3472 500 3540 qui
534 3470 658 3538 utrinque
707 3460 886 3535 descriptione
902 3466 1143 3536 compflress‚llautl
1155 3469 1205 3518 ml·

162 3547 258 3602 vallem
276 3549 392 3614 claudit,
405 3548 472 3602 vidit
486 3549 657 3610 Swt'rrbume,·
707 3543 932 3597 roboramenta
948 3559 987 3597 est
1004 3545 1049 3596 illa
1065 3545 1206 3598 Commen-

162 3626 299 3680 Cloverios
316 3629 404 3682 lacum
421 3628 509 3682 medis
527 3630 566 3681 sui
582 3641 658 3700 parte
706 3625 772 3676 tatio
801 3627 872 3678 Actis
900 3623 1048 3677 Academiae
1074 3627 1205 3679 Patavinte

163 3726 260 3779 aquam
276 3725 373 3778 magna
390 3711 488 3760 camni
504 3721 531 3760 et
546 3710 658 3779 strepitu
683 3721 685 3726 ·
706 3704 801 3777 (Sopqr'
825 3703 963 3776 scientifici
982 3725 997 3757 e
1018 3705 1121 3778 letemrj
1142 3705 1206 3759 dett·

163 3787 333 3840 ebullientem
345 3801 371 3840 et
386 3787 576 3840 rosor-beatem.
595 3785 659 3840 latus
706 3785 863 3838 Accodemia
895 3785 924 3836 di
953 3787 1058 3838 Podooo
1083 3785 1131 3838 To.
1162 3789 1203 3856 ll,

162 3867 275 3919 nemoris
290 3867 423 3938 eleganter
442 3867 516 3918 collis
535 3885 659 3920 nemoro-
707 3884 734 3937 p.
765 3867 813 3933 146
837 3865 923 3937 seq.).
949 3883 1046 3917 numen
1070 3868 1203 3934 invisum,

163 3963 217 4009 sus,
226 3948 272 4015 qni
281 3957 408 4017 tanquam
420 3946 489 3998 latos
497 3945 571 3998 lacus
583 3946 657 3999 lacit.
704 3943 809 4012 prnrdt.
824 3944 927 3998 levabat
937 3945 1071 4018 eleganter
1083 3967 1148 4018 pro,
1164 3967 1205 4002 re-

163 4024 229 4077 saxt’s
247 4035 272 4076 et
290 4025 401 4090 saoce,
419 4025 447 4076 b.
470 4045 492 4078 e.
512 4027 658 4078 vorticibus
707 4025 853 4097 linquebat.
866 4025 1014 4095 Reseniro,
1026 4045 1092 4099 qnos
1103 4027 1202 4097 aboatis

163 4120 309 4180 equarum,
327 4106 460 4158 verticoso
479 4123 571 4170 atnoe,
591 4107 660 4158 inter
708 4125 819 4181 namur,¹
831 4119 942 4179 gravant
953 4123 1011 4160 nos.
