3022 4682
298 384 356 468 143
544 381 578 444 r.
602 377 832 443 vrnornn
855 379 1085 448 Minonis

294 512 389 572 Nunc
401 522 434 571 et
446 505 654 592 pauperiem,
669 519 702 566 et
713 501 814 568 duros
826 504 972 591 perferre
985 505 1126 570 labores!

294 619 354 679 Fas
368 612 488 690 obstat,
502 610 653 697 tristique
666 610 759 697 palus
771 609 953 675 inamabilis
966 610 1056 675 unda

293 719 436 807 Adligat,
450 734 483 780 et
494 715 608 779 novies
620 715 696 803 Styx
709 715 867 780 interfusa
878 732 1018 780 coercet.

336 827 404 890 Nec
416 821 529 911 procul
543 820 621 884 hinc
633 838 759 908 partem
773 821 836 886 lusi
848 838 1073 886 monstrantur
1085 823 1119 885 in
1132 845 1265 888 ornnem
1288 836 1334 896 lto

293 935 458 1020 Lugentes
470 927 577 1014 campi
589 949 596 988 :
610 926 656 990 sic
669 925 741 990 illos
754 927 888 992 nomine
901 926 1025 992 dicunt.

291 1109 426 1171 Aproniani.
438 1105 466 1150 Et
476 1102 547 1148 habet
556 1100 581 1147 id
590 1115 645 1147 rane
654 1111 748 1146 acutum
760 1100 831 1163 quid;
841 1100 906 1163 quod
916 1114 993 1148 tamen
1002 1105 1050 1148 nou
1059 1117 1150 1166 sequar.
1158 1101 1248 1161 -438-
1257 1105 1334 1164 Quin·

291 1198 338 1245 que
347 1195 415 1226 voces
424 1188 508 1222 notate
517 1187 570 1219 aunt
581 1173 651 1218 rubro
661 1175 685 1218 in
695 1171 781 1218 Medic.
793 1173 837 1217 Fas
846 1173 919 1218 obstet
929 1175 1029 1238 emittique
1036 1191 1059 1238 p.
1070 1175 1194 1222 immobilis
1204 1175 1276 1221 undae.
1288 1177 1335 1224 Sed

290 1252 410 1299 videamur
422 1247 451 1293 de
464 1243 567 1306 singulis.
582 1245 625 1288 Fas
636 1243 709 1290 obstat
720 1241 864 1288 hauddubie
874 1243 948 1298 bene,
960 1243 984 1289 b.
999 1259 1019 1290 e.
1032 1257 1132 1302 naturae,
1145 1245 1333 1310 inferorumque,

288 1327 350 1388 jura.
363 1323 408 1367 Fere
420 1331 443 1366 et
450 1321 490 1381 jus
502 1315 592 1378 adjura
605 1315 683 1360 divina
696 1325 719 1359 et
730 1312 830 1358 humana
845 1314 928 1360 referri
942 1327 1022 1360 notum
1034 1327 1079 1371 eat,
1094 1329 1117 1363 et
1128 1320 1221 1380 copioae
1232 1317 1334 1364 illustrat

290 1395 315 1442 b.
327 1395 344 1440 l.
356 1395 434 1440 lleina.
446 1393 483 1435 stc
495 1387 551 1449 legit
563 1391 627 1433 Serv.
640 1401 693 1432 cum
705 1386 813 1430 Donato:
826 1387 906 1447 sicque
918 1387 983 1432 Rom,
994 1387 1054 1433 Gud.
1068 1405 1080 1434 a
1092 1405 1122 1433 m.
1135 1405 1169 1452 pr.
1183 1390 1247 1435 Voss.
1261 1388 1333 1447 alter,

290 1483 344 1514 cum
353 1465 415 1510 binis
425 1479 437 1508 e
447 1459 529 1514 Goth,
545 1461 600 1504 item
611 1457 729 1502 benedict.
741 1471 754 1500 e
764 1454 816 1500 cod.
828 1456 900 1502 Palat.
912 1471 934 1503 et
945 1459 1000 1504 inde
1013 1459 1050 1505 ed.
1062 1463 1126 1506 Junt.
1141 1461 1218 1506 Ceteri
1230 1459 1283 1523 fula
1292 1460 1333 1508 ob-

291 1533 402 1589 smnt,'ex
412 1532 443 1575 lV
454 1531 503 1574 AEn.
513 1527 566 1584 440.
580 1529 652 1572 Porro
665 1529 777 1588 tristisque
786 1523 866 1587 palate,
877 1526 941 1589 quod
953 1530 1045 1574 Servius
1056 1530 1183 1592 improbat,
1195 1546 1225 1576 ue
1233 1530 1333 1576 duoaint

291 1605 407 1670 epitheta,
419 1600 513 1648 exhibet
525 1597 623 1645 Dorvill.
636 1609 721 1643 etcum
735 1598 800 1642 lton.
810 1613 863 1658 para
872 1597 941 1644 codd.
952 1601 1035 1656 Pierii,
1045 1603 1085 1663 qui
1096 1601 1156 1648 bene
1168 1614 1259 1658 mouet,
1272 1604 1332 1648 aeci·

289 1675 403 1742 piendum
415 1688 477 1719 esre:
490 1674 601 1734 aristisque
610 1667 690 1732 polus,
703 1665 829 1712 inamabilis
840 1669 907 1714 unde.
920 1671 957 1715 Sic
969 1686 1064 1735 quoqne
1076 1673 1137 1718 Gud.
1150 1690 1163 1718 a
1175 1689 1205 1717 m.
1215 1690 1250 1735 pr.
1261 1685 1284 1719 et
1295 1688 1331 1735 pr.

290 1745 400 1794 llotteud.
414 1760 426 1790 a
438 1761 469 1789 m.
479 1759 524 1789 aec.
538 1741 582 1787 Alii
595 1744 663 1787 etiam
675 1757 681 1785 ε
694 1741 806 1802 vastisque
820 1756 843 1802 p.
862 1743 876 1784 i.
894 1741 967 1786 undoe.
984 1744 1021 1788 Sic
1031 1743 1091 1788 Gud.
1102 1759 1116 1788 e
1127 1759 1158 1788 m.
1172 1761 1217 1790 sec.
1227 1742 1332 1789 Tandem

290 1813 393 1863 brachilia
402 1825 456 1860 runt
464 1815 504 1875 qui
515 1810 593 1873 legant
602 1827 639 1872 ap.
651 1811 710 1856 Pier.
721 1811 776 1854 item
788 1808 865 1854 Srhol.
877 1811 954 1856 llorat.
966 1825 988 1858 et
998 1829 1033 1875 pr.
1044 1813 1125 1859 llamb.
1136 1830 1179 1877 pro
1189 1832 1234 1860 rar.
1245 1813 1299 1860 lect.
1309 1823 1333 1860 et

289 1901 336 1934 tren
345 1903 383 1948 ap.
393 1887 485 1937 burm,
495 1883 572 1927 minna
581 1881 653 1936 bene,
665 1896 691 1927 ur
702 1881 779 1926 lleius.
789 1880 864 1926 docet.
875 1883 960 1929 Eadem
968 1887 1065 1930 varietas
1075 1887 1158 1948 Georg.
1167 1885 1207 1941 lv,
1214 1884 1267 1947 479.
1276 1883 1330 1940 tto.

288 1957 330 2004 ubi
340 1956 365 2002 hi
376 1953 424 2000 duo
434 1967 513 2001 verena
522 1965 655 1997 occurrunt.
666 1953 768 1996 Omnino
777 1964 868 2012 recepta
880 1951 951 1998 lectio
960 1953 1023 1999 haud
1032 1953 1104 2000 dubie
1114 1955 1242 2016 elegantior
1251 1967 1292 2000 eat.
1300 1977 1332 2016 -χ-

287 2027 342 2086 44ο.
357 2025 391 2072 hle
406 2025 471 2072 llum.
484 2023 559 2070 etalii
572 2025 633 2070 Pier.
648 2023 719 2086 {affusi
728 2021 787 2069 alter
800 2021 892 2086 Menag.
902 2023 994 2082 -441,
1008 2025 1094 2072 ducunt
1104 2026 1151 2072 dno
1163 2043 1199 2090 ap.
1212 2027 1290 2072 Banu.

284 2169 380 2242 Odyea.
391 2183 418 2234 a,
431 2167 482 2234 488
490 2195 521 2206 -·
529 2165 593 2235 49οι
603 2165 685 2218 habet
695 2179 784 2218 tamen
833 2167 945 2220 feminas
956 2168 1012 2221 haec
1023 2169 1081 2220 loca
1094 2183 1198 2231 tenere;
1212 2168 1332 2224 heminas

286 2253 340 2304 vim
356 2253 445 2303 nescio
465 2245 592 2320 quemad
606 2250 686 2300 animi
703 2249 786 2300 allec-
832 2246 892 2312 ille,
912 2261 941 2299 ut
959 2267 1019 2300 mox
1038 2247 1100 2301 inde
1120 2267 1135 2302 a
1154 2243 1331 2320 4741144044,

287 2343 359 2396 tum,
372 2329 519 2384 declaratio
537 2325 593 2378 brec
613 2329 782 2397 poenitentiae.
831 2331 988 2384 memoravit
1000 2333 1093 2402 priscis
1104 2330 1200 2403 mythis
1212 2331 1331 2384 celebra.

286 2441 322 2450 —
334 2411 394 2477 438.
405 2410 461 2461 Fas.
471 2409 532 2477 jura
543 2407 702 2468 inferorum
715 2423 739 2457 v.
750 2407 782 2457 V.
832 2421 889 2472 tas,
902 2427 1013 2481 quanam
1023 2429 1119 2464 nomen
1130 2413 1225 2484 insigni
1239 2412 1329 2482 aliquo

285 2491 316 2542 L.
336 2491 399 2561 Styx
418 2489 521 2552 novies,
540 2485 592 2537 hoc
613 2499 652 2537 eet
672 2489 783 2556 sapius,
832 2489 951 2542 facinore
970 2489 1069 2542 clarum
1092 2491 1158 2555 fuit,
1179 2491 1253 2542 nullo
1277 2509 1329 2543 res·

285 2569 395 2623 flexibus
410 2569 463 2620 suis
480 2583 562 2638 regna
580 2566 666 2616 infera
683 2566 783 2618 ambire
831 2581 912 2637 pectu
924 2568 1011 2621 laudis
1023 2583 1049 2622 et
1061 2571 1177 2632 virtutie3
1191 2573 1240 2622 etsi
1248 2589 1279 2623 ex
1286 2570 1328 2623 hie

283 2647 479 2700 diciturzconl.
490 2644 586 2715 Georg.
596 2645 640 2707 Ν,
649 2643 709 2709 480.
722 2661 781 2714 sup.
831 2647 996 2702 facinoribus
1026 2650 1154 2722 pleraque
1184 2669 1198 2701 a
1231 2652 1328 2703 rnisero

285 2725 345 2795 295.
358 2745 383 2776 v.
399 2727 505 2776 Excute.
519 2725 563 2774 lx.
832 2729 1133 2798 amoreprofectasunt:
1144 2730 1261 2781 nefarius
1271 2741 1329 2782 erat

319 2805 371 2872 440
385 2821 443 2874 sqq.
457 2802 550 2874 Campi
565 2799 688 2872 lugentes.
702 2801 782 2854 Poni·
831 2825 906 2858 amor
917 2807 1031 2860 Phaedrae
1044 2810 1070 2859 in
1083 2809 1254 2880 Hippolytum
1271 2811 1329 2879 pri·

283 2899 327 2938 tur
347 2885 399 2936 hoc
417 2883 497 2956 vulgo
518 2881 552 2934 ab
576 2882 780 2951 interpretibua3
829 2889 950 2957 rignum
964 2901 990 2940 et
1001 2887 1142 2960 Pasiphaes
1155 2887 1328 2942 libidinosum

283 2967 372 3019 locum
380 2965 452 3017 bunc
465 2973 582 3014 amantes
591 2975 693 3013 tantum
700 2963 782 3033 femi·
830 2981 946 3019 amorem
960 2985 1038 3020 nemo
1048 2971 1165 3040 ignorat;
1179 2969 1282 3020 Procris
1292 2969 1327 3021 de

282 3065 328 3098 nas
347 3063 451 3115 capere.
474 3041 539 3094 lude
560 3039 780 3112 reprehensiones
829 3046 1328 3118 mariti,Cephali‚lidenralesollicite

281 3138 366 3196 poetae
379 3137 405 3176 et
414 3121 584 3174 difficultates
594 3134 700 3174 movent
715 3123 780 3176 allae
828 3127 928 3179 infelici
941 3145 1003 3180 casu
1014 3130 1126 3190 interiit3
1141 3141 1233 3181 eontra
1242 3129 1328 3183 Evad-

282 3221 313 3258 ex
326 3203 401 3267 aliie,
416 3219 482 3272 quaa
497 3217 551 3251 non
566 3201 670 3252 felicius
682 3203 779 3255 tollunt
829 3223 862 3257 ne
875 3219 901 3259 et
914 3207 1057 3261 Laodamia
1069 3207 1120 3260 lide
1134 3222 1160 3261 et
1175 3213 1326 3264 constantia

280 3303 361 3356 quam
374 3293 480 3342 ereant;
491 3279 583 3332 vider.
597 3299 620 3331 e.
633 3281 673 3332 Jo.
686 3281 780 3337 Schra-
828 3289 855 3338 in
873 3290 1028 3340 maritorum
1045 3291 1138 3340 funere
1150 3289 1228 3340 clare
1244 3303 1324 3355 suntg

280 3361 337 3416 der.
347 3361 381 3415 ad
395 3363 521 3412 Musteum
534 3377 560 3431 p.
571 3361 621 3413 283
631 3377 690 3432 sqq.
701 3362 778 3417 Certe
827 3365 911 3418 Caenis
923 3370 990 3420 mira
1002 3385 1077 3419 sexus
1089 3369 1116 3418 iu
1129 3368 1230 3420 virilem
1241 3383 1325 3423 muta·

278 3445 307 3496 in
326 3441 448 3502 leminis,
466 3455 532 3510 quaa
551 3441 578 3490 in
597 3439 704 3511 Campis
726 3441 777 3495 illia
826 3447 898 3499 tione
919 3458 945 3498 et
965 3447 1058 3510 factis,
1083 3457 1141 3516 qu'te
1164 3448 1214 3500 snb
1237 3449 1324 3504 cenet

279 3522 421 3575 collocavit
443 3533 542 3592 poeta,
561 3522 604 3571 vix
622 3522 649 3571 in
671 3525 778 3576 misera·
825 3528 933 3578 nomine
946 3524 1042 3588 edidit,
1054 3526 1189 3578 notabilis.
1201 3530 1269 3582 Sene
1281 3531 1324 3583 rel

278 3621 335 3654 rum
357 3601 502 3654 amantium
521 3617 632 3651 numero
652 3601 776 3674 Eriphyle
825 3605 876 3668 eie,
890 3603 924 3655 ad
945 3616 1065 3656 nostrum
1085 3623 1191 3658 sensum
1209 3621 1235 3659 et
1252 3609 1325 3678 judi·

279 3695 305 3732 et
317 3680 426 3731 Caeneus
445 3681 585 3732 memorari
596 3693 716 3751 possunt.
731 3682 776 3732 Di·
824 3685 908 3749 cium,
931 3701 947 3734 a
967 3696 1047 3755 poeta
1070 3686 1163 3738 melior
1185 3689 1324 3740 nominum

277 3776 322 3810 cas
332 3761 401 3810 forte
411 3760 438 3808 in
447 3757 591 3828 deperditis
601 3761 774 3830 poctiafnisae
824 3761 935 3814 dilectus
958 3763 1125 3817 adhibendus
1143 3767 1224 3818 fnisse
1237 3766 1322 3820 rideri

277 3834 414 3887 decorum
428 3837 693 3904 amoribuslabulns‚
707 3857 773 3909 quar
822 3853 926 3913 potest;
947 3845 1077 3914 potuisset
1100 3847 1192 3916 utique
1211 3845 1321 3898 laudare

277 3931 348 3965 nunc
370 3915 534 3982 igrroramus;
557 3935 665 3983 verum,
687 3937 774 3990 quen·
822 3923 948 3988 feminas,
962 3941 1073 3994 quanam
1083 3927 1166 3978 virtus
1176 3939 1202 3976 et
1211 3927 1321 3978 fortuna

275 4003 332 4044 turn
345 3990 464 4062 intelligo
475 4030 483 4059 ‚
493 3997 602 4046 omnino
614 3998 696 4048 invito
709 4017 775 4069 poe-
821 4017 870 4051 nos
888 4002 1008 4071 jucunda
1027 4003 1117 4074 aliqua
1134 4003 1320 4057 recordatione

275 4083 303 4124 te
313 4081 441 4124 assertum
453 4083 508 4139 eat,
520 4091 575 4126 uon
590 4075 642 4128 nisi
654 4090 773 4132 amenter
822 4080 973 4136 delectaret.
988 4085 1100 4152 Verum,
1117 4085 1190 4157 quod
1198 4087 1254 4154 jam
1268 4101 1320 4137 tae·
