3022 4682
488 377 502 384 “’
530 385 595 452 su
618 383 819 451 areana
840 383 879 448 v.
1184 367 1226 483 ‘97

189 512 297 566 turcbus
309 513 337 564 in
346 511 460 564 Romulo
472 528 513 582 ps.
525 525 551 564 et
563 511 595 563 de
606 511 748 564 Mulierum
761 512 857 561 Virtus.
870 525 924 560 non
936 507 1014 584 longe
1027 531 1107 585 apr,
1120 528 1146 570 et
1159 519 1229 572 inter

188 591 297 645 eosdem
305 592 356 643 fuit
364 590 516 643 Heraclides
524 591 645 642 lembus.
653 609 677 642 v.
686 589 768 642 Solin.
778 608 800 641 c.
815 605 835 638 t.
845 588 936 640 Festus
944 590 971 640 in
979 591 1088 644 Romam
1096 614 1155 668 pag.
1168 597 1228 666 455,

189 670 238 721 ubi
250 672 321 721 conf.
339 671 403 722 Dec.
418 683 458 736 et,
482 687 561 740 quem
579 688 650 722 nune
664 669 742 722 video
760 668 887 720 disertum
902 670 930 719 iu
946 667 988 721 his
1000 672 1095 743 fuisse,
1108 677 1227 750 Rutqers.

190 749 254 800 Ver.
265 749 336 802 Lect.
349 751 375 816 1,
388 766 429 802 no.

453 968 824 1061 EXCURSUS
858 972 989 1061 VII..

504 1178 695 1268 Episcdium
708 1179 751 1244 de
761 1179 926 1246 Palinure.

231 1347 269 1410 V,
280 1343 330 1397 833
341 1359 398 1413 sqq.
409 1339 437 1392 Si
449 1359 564 1413 paras,
578 1339 642 1412 quid
655 1353 734 1412 poeta
745 1339 865 1413 episodio
881 1338 934 1391 hoc
950 1339 984 1394 de
1002 1341 1142 1412 Palinuro,
1162 1350 1235 1420 quod

195 1426 262 1477 arei
274 1440 376 1474 summa
387 1420 503 1472 alienum
514 1419 598 1472 videri
613 1431 716 1490 potest,
729 1421 901 1490 spectaverit,
919 1438 934 1471 a
950 1419 1072 1476 doctrina
1084 1438 1168 1495 poete
1184 1431 1236 1484 tale

198 1501 337 1556 compium
349 1497 521 1570 repetendum
536 1517 593 1550 esse
604 1498 725 1563 videtur,
745 1497 817 1570 quod
836 1497 963 1550 Palinuri
977 1506 1103 1556 memoria
1114 1508 1141 1558 iu
1155 1509 1237 1562 ltaliae

196 1585 425 1652 Trojanurumque
444 1579 478 1630 ad
495 1597 552 1631 eam
566 1596 687 1632 accessus
704 1579 850 1650 originibus
863 1590 888 1630 et
904 1577 1021 1632 historiis
1034 1601 1087 1636 non
1104 1600 1160 1640 erat
1173 1591 1237 1644 obs-

197 1683 276 1726 cum
289 1662 472 1734 promontorio
485 1661 578 1725 etiam,
592 1659 625 1711 ab
638 1661 694 1728 ejus
706 1661 814 1711 nomine
827 1660 965 1730 insignito,
982 1661 1016 1714 ad
1033 1665 1118 1717 sinum
1133 1669 1238 1724 Velien-

197 1762 266 1811 sem,
277 1742 401 1804 celebris;
415 1761 468 1794 rem
481 1742 571 1811 itaque
584 1741 648 1792 satis
663 1739 862 1792 memorabilem
880 1741 1000 1794 omittere
1012 1745 1109 1809 noluit;
1125 1768 1237 1824 eamque

198 1825 245 1876 fib,
259 1825 308 1889 v1,
321 1823 371 1894 337
383 1841 442 1895 sqq,
456 1822 580 1884 inseruit,
592 1838 663 1872 nuuc
675 1821 831 1891 praestruxit.
842 1817 894 1872 Sed
903 1821 995 1874 eadem
1008 1830 1159 1882 narratione
1169 1850 1240 1884 nuuc

196 1901 337 1954 commodo
349 1914 430 1972 poeta
441 1919 502 1952 usus
514 1913 554 1952 est
566 1898 600 1951 ed
613 1917 700 1950 rerum
714 1901 884 1964 varietatem,
894 1918 926 1952 ne
938 1915 1054 1956 extreme
1063 1909 1239 1980 navigationis

199 1997 276 2050 pars,
287 1991 313 2031 et
323 1977 472 2048 trajectus’e
482 1979 571 2030 Sicilia
583 1980 609 2028 iu
620 1978 722 2030 ltaliam
734 1979 806 2028 omni
816 1995 880 2030 ⁰8⁵⁰
889 1994 1003 2032 vacaret·
1014 1981 1132 2036 Tandem
1142 2005 1239 2040 ¹¹⁰V³¹¹²

201 2060 241 2110 rei
261 2059 416 2110 suavitatem
435 2057 575 2109 Homerica
596 2057 741 2108 imitatione
759 2057 870 2119 nundin
883 2074 944 2108 nam
956 2058 1050 2131 Odyss.
1070 2081 1100 2128 γ,
1115 2067 1164 2134 278
1180 2085 1238 2137 sqq.

202 2136 325 2189 Phrontis
334 2136 449 2190 Menelai
459 2137 623 2209 gubernator
632 2137 659 2186 in
669 2135 757 2187 medio
767 2152 846 2187 cursu
854 2135 961 2188 occidit.

456 2415 818 2508 EXCURSUS
854 2417 992 2506 VIII.

452 2602 589 2673 Summus
601 2603 795 2670 Palinurum
807 2607 997 2691 opprimens.

239 2763 275 2822 V,
286 2758 337 2813 838
349 2775 389 2828 sq.
405 2757 468 2809 Cum
482 2755 544 2809 levis
555 2753 667 2808 aetlreriis
678 2751 797 2824 delapsus
808 2753 918 2806 Somnus
930 2754 962 2805 ab
974 2755 1048 2808 astris
1057 2755 1125 2808 Aera
1135 2759 1248 2814 dimovit

205 2841 375 2903 tenebrosum,
383 2848 408 2889 et
418 2835 527 2908 dispulit
539 2837 642 2888 umbros
649 2874 656 2900 ,
670 2835 715 2899 Te,
727 2833 866 2899 Palinure,
876 2845 980 2905 petens,
995 2834 1042 2885 tibi
1053 2837 1134 2889 tristia
1142 2845 1245 2893 somnia

205 2930 320 2992 portans.
338 2920 457 2989 Operose
472 2920 535 2969 satis
546 2935 611 2990 pro,
632 2915 745 2980 Somnus
760 2913 867 2966 devolat
880 2933 949 2966 aere.
969 2914 1112 2986 Antiquior
1129 2918 1185 2972 brec
1207 2933 1248 2972 est

209 2998 300 3049 Somni
321 2996 469 3049 advocandi
491 2998 574 3061 ratio,
594 2993 813 3064 qnandoquidem
836 2992 908 3064 apud
927 2994 1070 3046 Homerum
1090 2997 1194 3066 Jupiter
1214 2997 1248 3050 de

207 3076 323 3147 Olympo
336 3074 461 3126 Somnum
473 3077 552 3126 mittit
567 3072 641 3125 Iliad.
656 3074 686 3134 β,
700 3073 717 3126 6
729 3090 768 3142 sq.
782 3073 950 3143 Quamquam
961 3073 994 3124 as
1006 3075 1080 3126 astris
1095 3076 1251 3146 simpliciter

210 3153 298 3222 accipi
310 3163 398 3222 potest
407 3153 486 3202 etiam
496 3151 529 3202 sle
540 3150 694 3211 advolante;
706 3169 759 3220 quo
769 3151 855 3202 Burm.
868 3163 988 3222 spectare
997 3151 1110 3205 videtur.
1123 3155 1250 3208 Ornatior

210 3233 257 3285 illa
270 3235 337 3283 ratio
351 3229 423 3302 apud
435 3228 569 3280 Tibullum
581 3231 621 3292 lI,
645 3247 653 3280 r
669 3241 749 3292 extr.,
762 3241 791 3278 ut
805 3231 831 3279 iu
843 3231 935 3282 Noctis
948 3233 1074 3284 comitatu
1086 3233 1131 3286 ille
1144 3235 1251 3288 incedat

212 3330 260 3384 per
271 3309 379 3362 calum:
394 3328 418 3359 v.
433 3308 468 3359 ib.
482 3309 543 3358 Not.
556 3306 590 3356 At
603 3305 648 3358 alii
664 3319 762 3377 poetae,
775 3306 907 3358 varianda
920 3311 957 3362 rei
977 3321 1002 3362 et
1015 3313 1123 3380 majoris
1139 3311 1253 3370 delecta.

211 3392 292 3444 tionis
304 3409 410 3454 caussa,
423 3387 543 3440 modain
557 3389 662 3454 inferis,
675 3385 755 3437 modo
768 3387 794 3438 in
805 3403 886 3459 specu
899 3387 933 3439 ad
944 3388 1005 3440 litus
1016 3391 1118 3442 Oceani
1131 3392 1253 3446 occiden-

212 3471 289 3531 talis,
302 3470 381 3522 modo
394 3472 421 3522 in
433 3468 595 3531 Cimmeriis,
608 3465 698 3518 sedem
709 3467 807 3518 &mnu
818 3467 999 3538 assignavere,
1013 3480 1041 3518 ut
1055 3470 1111 3538 ipse
1123 3471 1252 3526 Homerus

214 3555 242 3604 in
251 3551 350 3604 Lemno
363 3569 422 3602 eum
434 3548 612 3602 collocaverat
625 3547 700 3599 lliatl.
714 3547 730 3613 ξ
737 3585 745 3611 ,
760 3547 810 3600 230
821 3563 860 3617 sq.
873 3544 997 3598 Similiter
1006 3565 1066 3598 mox
1076 3567 1100 3598 v.
1114 3551 1253 3618 854-856

213 3631 326 3682 Somnus
341 3627 440 3679 laetlroeo
451 3647 521 3700 aqua
531 3627 662 3700 adaperuit
675 3624 763 3678 oculos
774 3626 904 3690 Palinuri,
914 3638 942 3676 ut
955 3643 1014 3677 enm
1025 3629 1124 3698 sopiat,
1136 3647 1205 3684 nova
1215 3636 1253 3688 rei

215 3711 346 3781 imagine,
359 3711 433 3777 cujus
446 3707 519 3760 linere
532 3711 559 3759 in
569 3707 696 3779 Apollon.
709 3707 757 3768 IV,
777 3706 825 3758 156
837 3725 894 3777 sqq.
910 3717 1007 3758 extant.
1018 3706 1096 3777 Apud
1109 3709 1175 3762 alios
1186 3731 1253 3782 poe·

217 3804 257 3842 tas
270 3787 368 3840 adflatu
382 3787 483 3840 alarum
496 3805 602 3840 suarum
615 3787 752 3858 consopit,
767 3805 834 3857 quos
846 3786 916 3850 vult,
929 3785 1052 3848 Somnus;
1065 3800 1094 3838 ut
1102 3792 1157 3858 jam
1166 3790 1251 3863 Orph.

217 3873 317 3942 Argon.
335 3886 409 3938 ¹⁰⁰9·
420 3867 523 3920 Gallim.
537 3869 629 3920 iuDel.
641 3869 705 3938 239,
721 3887 770 3920 uec
781 3867 833 3919 hoe
846 3869 968 3928 insuam
982 3881 1010 3918 ut
1021 3885 1070 3920 nec
1082 3873 1150 3923 ratio
1160 3873 1253 3946 vulqu-

199 3952 268 4018 tris,
289 3967 369 4018 quum
382 3947 494 3998 Somnus
509 3965 592 3998 curnu
606 3965 653 3999 suo
668 3966 792 4018 soporem
804 3947 927 4000 effundit.
942 3948 1128 4002 Potesttamen
1141 3951 1253 4002 Somnus

217 4030 294 4082 nimis
305 4030 418 4099 opipare
429 4041 559 4098 apparatu
570 4026 597 4078 h.
611 4027 628 4078 l.
642 4028 764 4080 inductus
774 4027 867 4090 videri,
876 4030 902 4080 in
911 4047 939 4080 re
951 4031 1013 4080 satis
1023 4033 1096 4082 tenui
1106 4043 1132 4083 et
1141 4031 1175 4084 ad
1183 4049 1256 4083 sum·

219 4128 290 4162 mum
303 4109 426 4160 carminis
438 4107 578 4161 consilium
591 4107 688 4161 nullius
699 4109 832 4162 momenti.
845 4107 984 4164 Graviores
993 4107 1084 4162 Somni
1095 4123 1184 4182 partes
1195 4121 1255 4161 sturt

292 4195 317 4250 ³·
1063 4213 1078 4266 7
