2968 4696
468 382 530 444 sn
553 379 752 446 manunt
775 380 861 443 vu,
1124 383 1187 474 357

150 521 208 574 quse
223 503 320 556 lunatae
340 511 367 554 et
383 502 506 566 persistite
524 515 614 569 erant,
626 515 710 554 totum
722 502 755 556 de
768 504 830 574 opio
842 514 1019 556 commentum
1037 517 1124 558 ortum
1137 507 1185 558 lta-

150 583 230 636 huisse
241 601 273 636 es
284 592 405 654 corrupto
418 581 466 633 illo
480 581 592 634 lectione
601 581 722 634 historici
730 581 842 654 alicujus
854 584 957 648 ceusu,
969 603 1049 656 quom
1063 585 1189 660 bonafide

149 661 269 714 exhibuit
278 663 345 728 Dio,
357 659 477 731 τμήξας
488 662 604 720 cursitas,
622 662 707 735 Atqui
717 663 827 733 scriptor
838 665 883 716 iste
894 693 928 704 -
938 664 1033 736 procul
1046 668 1126 720 dubio
1145 669 1189 722 de-

149 739 223 790 derat
231 737 350 809 ostrifer
362 741 497 796 nmisios:
518 743 651 810 conjectat
669 741 805 812 ingeniose
818 753 843 792 et
855 743 935 804 scite3
951 761 999 794 nec
1016 756 1104 796 tamen
1116 765 1186 800 vero.

149 817 217 870 Sane
228 817 336 889 quidem
348 819 452 891 plures,
463 819 568 872 italicas
578 819 714 890 inprimis,
724 819 829 871 fabulas
840 837 855 872 a
865 819 1006 872 verborum
1018 821 1189 878 similitudine

150 894 244 948 ductas
252 915 330 950 neruo
338 910 423 970 neget.
436 899 493 950 Hoc
503 899 590 968 ipsum
600 897 633 950 de
645 899 742 968 mensis
752 900 875 950 comestis
883 899 1037 951 vaticinium
1049 900 1188 954 verborum

148 975 208 1028 lusu
221 979 350 1031 contineri
359 996 440 1050 supra
447 977 574 1040 vidimus3
586 991 612 1030 et
623 977 736 1030 aliorum
747 995 853 1050 quoque
867 976 1028 1050 populorum
1038 979 1150 1046 sabula,
1160 985 1189 1034 in

148 1057 241 1125 primis
253 1058 440 1122 Romanenses,
451 1059 611 1110 anominum
618 1055 801 1124 similitudine,
810 1059 852 1110 vel
859 1059 934 1110 vario
944 1057 1093 1130 significatu
1102 1061 1189 1131 petitu,

150 1147 225 1200 suut,
235 1137 347 1207 ingeniis
360 1136 498 1190 hominurn
512 1135 660 1207 agrestibus
673 1147 699 1189 et
708 1135 830 1202 incultis,
847 1139 875 1189 in
890 1139 924 1189 iis
935 1138 991 1190 fere
1004 1137 1039 1190 ad
1050 1141 1152 1209 majora
1161 1157 1190 1195 se

150 1213 315 1266 acuentibus.
325 1216 366 1266 lta
375 1214 408 1268 de
420 1215 550 1267 Melueiua
562 1213 681 1266 fabulam
693 1217 757 1267 satis
768 1215 944 1287 probabiliter
960 1219 1130 1289 suspicantur
1140 1219 1190 1271 visi

150 1289 223 1344 docti
235 1308 324 1346 naum
343 1313 400 1348 esse
419 1313 451 1348 ex
468 1295 677 1366 aequivocatione
689 1297 763 1347 vocis
775 1296 882 1348 Celtica
896 1294 983 1350 Melus
991 1335 1000 1362 ,
1014 1315 1072 1369 qna
1083 1315 1191 1351 suavem

151 1382 177 1422 et
188 1373 328 1427 amabilem
339 1387 429 1442 notat,
443 1389 470 1427 et
482 1375 590 1428 alterius
599 1377 673 1427 rucis
687 1387 766 1428 meet
783 1374 856 1428 iussn
863 1413 873 1441 ,
885 1393 943 1448 qna
955 1375 1044 1430 media
1059 1381 1099 1429 sui
1115 1391 1190 1450 parte

151 1465 302 1524 serpentem
318 1473 374 1508 esse
391 1454 530 1528 siguificat.
550 1456 590 1508 Ne
608 1467 697 1508 tamen
709 1455 793 1508 simile
812 1455 877 1527 quid
889 1457 917 1509 in
928 1456 1027 1528 Toupii
1038 1459 1191 1526 conjectura

150 1529 240 1584 locutu
251 1534 364 1602 habeat,
374 1537 439 1589 facit
447 1535 515 1602 hoo,
527 1535 601 1607 quod
613 1537 703 1589 ortissu
715 1538 785 1588 inter
796 1537 909 1606 pistoria
920 1554 1003 1608 opera
1015 1537 1191 1607 exquisitioris

152 1613 215 1662 artis
228 1613 350 1678 fuerunt,
361 1633 419 1684 quse
431 1614 500 1666 adeo
517 1615 550 1666 ab
566 1613 676 1666 horrida
691 1616 850 1686 antiquitate
863 1615 949 1668 aliona
961 1628 1036 1681 sunt,
1048 1635 1111 1680 nec,
1125 1633 1192 1686 quo-

149 1689 230 1741 modo
248 1689 390 1744 historicus
406 1710 448 1745 res
463 1694 593 1762 Trojanas
605 1709 756 1764 exponens,
776 1711 857 1765 quum
873 1693 907 1746 de
922 1693 1036 1764 panibus
1048 1692 1191 1746 dicendum

148 1781 231 1835 esset,
244 1771 380 1842 placentes
390 1773 498 1826 rarioris
508 1774 598 1825 forme
612 1785 639 1826 et
648 1775 762 1826 nominis
775 1773 906 1844 subjicere
918 1775 1048 1846 potuerit,
1064 1773 1190 1845 intelligi·

149 1859 200 1900 tur.
214 1849 312 1904 Saltem
322 1853 374 1905 hoc
386 1851 529 1924 dicendum
538 1866 611 1918 erat,
623 1854 705 1906 luisse
716 1855 787 1904 forte
797 1866 913 1906 veterem
924 1851 1039 1925 aliquem
1051 1855 1189 1926 tragicum,

150 1930 210 1998 qui,
223 1931 296 2000 quod
311 1946 396 2004 poeta
413 1933 490 1998 licet,
502 1933 549 1986 ubi
565 1933 668 1986 oraculi
679 1933 751 1986 illius
770 1933 812 1985 vel
829 1947 938 1986 eventus
950 1937 1128 2001 meminisset,
1140 1951 1189 2007 pro

150 2025 221 2077 pane
232 2010 274 2062 vel
283 2012 420 2082 placenta,
433 2031 491 2082 qnte
503 2015 598 2084 priscis
614 2013 769 2065 hominibus
784 2031 832 2085 pro
845 2033 915 2084 pane
928 2026 998 2078 erat,
1011 2032 1093 2086 genus
1104 2017 1193 2086 exqui-

151 2087 226 2138 sitius
238 2086 330 2146 σωῖιις
343 2102 388 2142 aut
398 2088 517 2158 spumifer
534 2091 654 2146 nursiae
670 2105 795 2162 poneret;
813 2093 862 2142 etsi
878 2091 921 2143 vel
933 2093 971 2143 sio
983 2091 1036 2144 alia
1048 2092 1191 2148 difficultas

150 2178 253 2230 manet,
266 2167 339 2238 quod
350 2185 405 2220 non
415 2169 524 2221 mista
532 2169 670 2222 ortamine
679 2168 725 2222 illa
734 2167 820 2233 dicta,
832 2168 878 2220 sed
892 2165 1021 2222 iussitire.
1035 2170 1128 2240 Neque
1142 2188 1192 2222 au·

152 2255 206 2295 tem
216 2245 391 2316 improbabile
405 2247 448 2312 lit,
468 2248 549 2300 etiam
560 2248 617 2300 sine
634 2245 826 2300 vocabulorum
845 2248 935 2298 sonita
947 2247 1041 2300 fraude
1053 2247 1088 2300 ad
1103 2251 1193 2319 opium

152 2342 235 2396 panes
242 2326 430 2399 seuplaeentas
440 2326 537 2380 deduci
548 2329 675 2398 potuisse.
686 2327 740 2378 Fac
748 2327 829 2378 fuisse
840 2326 964 2396 aliquem,
977 2327 1032 2398 qui,
1044 2345 1125 2398 quum
1135 2345 1195 2380 ora·

153 2402 243 2456 culum
255 2408 363 2458 omnino
374 2408 589 2479 pronuntinsset,
608 2405 684 2458 sedes
695 2406 754 2458 iore
769 2423 801 2456 eo
819 2405 893 2472 loco,
914 2423 967 2476 quo
983 2423 1087 2459 mensas
1106 2420 1194 2460 essent

153 2481 301 2535 absumturi
310 2484 428 2555 Trojani,
436 2497 482 2537 aut
493 2503 574 2556 quum
584 2486 623 2536 rei
634 2495 753 2548 eventus,
761 2501 815 2534 non
827 2483 962 2536 declarata
974 2485 1037 2536 satis
1049 2485 1152 2538 ratione
1161 2505 1193 2538 ac

152 2561 250 2648 modo,
264 2579 387 2618 narratus
399 2579 481 2631 esset,
492 2577 521 2617 ut
533 2563 732 2637 aLycophrone
742 2564 841 2616 factum
852 2562 943 2616 videas
953 2582 977 2615 r.
995 2564 1061 2618 1250
1070 2593 1105 2604 --
1117 2567 1192 2632 1253,

153 2641 282 2696 deductos
289 2647 420 2718 Trojauos
433 2648 461 2699 in
473 2647 577 2700 ltaliam
586 2657 613 2698 ct
624 2647 652 2697 in
663 2645 748 2698 herba
760 2643 918 2697 recubantes
932 2644 1081 2713 exhiberet,
1094 2659 1123 2696 ut
1132 2647 1193 2700 Vir·

152 2723 231 2796 gilius
248 2727 324 2790 fectu
337 2727 431 2800 quidni
443 2745 493 2799 pro
506 2728 603 2780 mensis
615 2725 719 2780 dederit
730 2723 827 2778 herbas
840 2725 906 2778 cibis
922 2725 1087 2779 substratas?
1098 2745 1194 2797 quum-

154 2823 205 2876 que
217 2826 262 2861 eas
272 2810 343 2880 ipsas
353 2821 441 2862 essent
453 2809 611 2874 comesturi,
626 2824 709 2880 genus
725 2806 778 2858 tale
790 2825 891 2878 ponere
907 2805 1013 2872 debuit,
1031 2806 1105 2878 quod
1115 2807 1193 2860 edule

154 2898 236 2951 esset,
247 2898 273 2938 et
284 2888 311 2938 in
325 2888 421 2942 talibus
434 2888 500 2940 locis
513 2889 649 2958 frequens.
662 2885 727 2938 Tale
740 2897 828 2939 autem
840 2885 931 2956 apium
940 2902 1011 2950 esse,
1024 2902 1101 2938 nemo
1115 2885 1193 2939 facile

153 2965 270 3036 ignorat,
283 2968 334 3018 nisi
345 2968 427 3019 verba
436 2968 505 3019 forte
516 2985 547 3018 ao
559 2983 639 3018 sorios
652 2965 753 3018 discere
764 2983 795 3018 uc
805 2977 894 3018 tenere
906 2965 1073 3017 consueverit
1085 2965 1193 3018 notione

153 3042 228 3095 nulla
246 3045 374 3114 subjecta.
394 3047 463 3096 Nam
479 3044 687 3098 condonandum
698 3055 738 3097 est
751 3045 800 3096 viri
812 3037 957 3096 doctissimi
970 3043 1106 3114 elegantia
1121 3043 1194 3114 quod

154 3124 225 3174 inter
234 3136 322 3176 cetera
330 3126 433 3196 posuit:
445 3125 471 3177 V
470 3123 567 3176 idistin'
575 3124 722 3195 quidquam
731 3120 870 3195 isficetius,
880 3133 930 3174 out
937 3120 1080 3175 ridiculum
1092 3123 1197 3196 inopis?

155 3201 282 3273 Trojanos
290 3220 340 3275 pro
354 3205 446 3256 mensis
459 3204 550 3272 apium
561 3201 723 3266 adhibuisse,
735 3212 814 3274 atque
829 3220 859 3253 eo
877 3201 1005 3273 denique,
1023 3220 1095 3253 more
1107 3202 1194 3255 asino·

155 3299 230 3347 susm,
244 3283 309 3337 vesci
318 3284 439 3357 potuisse.
459 3283 521 3336 Non
536 3299 679 3354 assequor,
693 3281 757 3352 quid
775 3281 820 3334 ille
837 3282 871 3333 de
889 3281 940 3335 heo
958 3283 1051 3354 plante
1063 3285 1191 3339 statuerit.

155 3364 212 3414 Etsi
225 3363 294 3416 enim
312 3366 366 3435 apii
384 3381 481 3416 nomen
498 3361 576 3414 latius
588 3374 676 3433 patet,
688 3373 714 3412 et
725 3363 855 3414 incertum
870 3374 922 3428 est,
942 3361 1020 3433 quale
1040 3365 1095 3434 apii
1112 3383 1194 3435 genus

154 3452 269 3492 veterum
282 3443 374 3513 opium
386 3445 433 3508 sit,
446 3441 536 3512 (conl.
550 3459 608 3512 sup.
626 3439 661 3492 ad
677 3439 724 3492 Ge.
744 3442 794 3505 lV,
810 3457 858 3493 sao
868 3442 878 3511 )
890 3459 972 3512 quurn
988 3441 1033 3494 alii
1050 3459 1110 3493 cum
1125 3443 1194 3494 Mat-

155 3519 240 3572 thiolo
250 3520 436 3592 petroselinum
458 3526 593 3587 nostrum,
614 3520 659 3572 alii
680 3531 799 3571 nostrum
819 3517 905 3590 celesy
922 3519 951 3571 id
967 3519 1121 3574 habendum
1138 3538 1194 3574 esse

157 3612 275 3652 statuant
286 3600 297 3670 (
308 3619 399 3653 rerum
410 3603 500 3674 epium
513 3603 540 3652 in
552 3601 664 3672 AEgypto
675 3616 703 3651 se
713 3599 840 3670 reperisse
852 3598 964 3670 Alpinus
976 3617 1027 3650 rer.
1037 3599 1139 3670 AEgypt.
1150 3601 1194 3662 ill,

156 3699 187 3750 9,
200 3700 227 3752 p.
244 3678 292 3734 158
309 3682 457 3744 asserebam
470 3694 526 3734 erat
538 3680 572 3734 de
585 3699 617 3732 eo
632 3681 749 3732 narratio
762 3679 834 3751 apud
847 3679 1065 3751 Theopompum,
1076 3677 1122 3732 lib.
1137 3679 1195 3732 Vlll

156 3759 316 3831 Philippic.,
332 3774 361 3812 ut
373 3780 404 3814 ex
419 3761 536 3814 Theonis
552 3761 690 3832 Progymn.
706 3777 720 3811 a
740 3757 894 3830 intelligo),
915 3769 1004 3810 manet
1022 3769 1107 3809 tamen
1126 3756 1194 3824 boc,

157 3840 227 3890 inter
238 3837 327 3891 edulia
338 3838 405 3890 illud
419 3841 509 3892 inisse.
529 3838 555 3891 Si
576 3853 665 3892 tamen
683 3835 782 3891 fabule
798 3855 891 3890 caussa
903 3851 930 3889 et
941 3838 1036 3889 ration
1054 3836 1194 3890 verborum

156 3917 217 3970 lusu
230 3919 380 3972 revocanda
392 3932 475 3987 esset,
493 3921 598 3993 potiore
610 3919 670 3972 loco
684 3919 810 3972 haberem
826 3919 942 3971 Fabricii
956 3916 992 3969 ad
1007 3917 1118 3970 Dionem
1130 3937 1195 3971 con-

153 4001 299 4068 jecturam,
313 4017 345 4052 ex
356 4001 551 4070 permutatione
563 4017 658 4052 vocum
669 4002 745 4061 situs,
758 3997 834 4071 qnod
848 4000 950 4050 imnum
967 4013 1096 4069 gratnm,
1110 3996 1195 4050 silicia

158 4088 210 4146 ost,
223 4075 293 4132 unde
311 4074 396 4136 ‘risum
414 4079 457 4152 rel
469 4075 554 4136 sistro
567 4077 659 4153 insum
681 4077 794 4151 dicturas,
807 4087 853 4132 aut
868 4079 937 4134 forte
948 4092 981 4133 ou
991 4091 1055 4130 voce
1070 4075 1139 4132 rosio
1150 4075 1193 4129 tel
