3028 4682
283 309 349 428 ita
612 353 879 422 axcunsus
901 355 995 422 xr*

281 499 326 538 tur
338 482 434 556 opaci3
444 492 470 533 et
481 479 515 532 tle
525 496 587 532 tere
594 481 650 552 jam
662 495 755 534 exacto
765 481 860 554 Georg.
870 483 897 548 1,
911 482 978 534 313:
993 500 1075 554 quom
1090 481 1145 532 ruit
1157 480 1325 552 imbriferum

282 587 341 633 ver,
353 565 445 636 Spicea
453 564 510 632 inm
526 561 626 632 campis
637 579 720 633 quum
739 562 823 614 messis
835 562 968 614 inhorruit
979 577 1028 614 etc.
1042 565 1132 615 fluunt
1148 565 1218 614 enim
1236 576 1262 616 et
1274 583 1324 629 ea,

283 667 341 722 qun
353 645 499 706 immutent,
505 655 531 694 et
543 661 583 706 ea,
602 659 659 712 qun
672 644 699 692 in
711 646 781 694 exitu
796 656 864 694 tunt.
876 645 969 715 Itaque
979 645 1006 694 in
1016 661 1092 695 versu
1105 644 1193 695 Basilii
1205 642 1325 712 (Anthol.

279 733 337 783 Lat.
343 727 419 778 Tom.
426 726 457 776 ll.
464 743 491 794 p.
497 722 569 793 306),
578 740 681 794 noxque
689 732 796 792 peracta
803 723 864 792 fuit
871 725 920 775 viri
932 723 1004 775 docti
1012 743 1043 775 ex
1053 724 1163 794 Virgilio
1171 723 1323 788 emendant,

282 807 344 860 ruit.
355 807 416 856 Non
428 801 497 854 mole
510 803 600 872 itaque
616 800 736 852 Servius:
753 823 764 847 ι
777 803 798 852 si
808 821 857 872 per
866 801 936 854 diem
951 821 1026 854 eacrn
1041 803 1259 866 celebrabuntur,
1271 803 1328 852 ruit

283 902 338 951 ett,
352 886 482 944 imminet;
496 883 517 934 ti
526 895 685 952 pernoctem
695 919 703 944 ‚
715 880 812 932 linitur.
824 885 853 934 ln
866 901 931 934 voce
941 887 998 933 Nox
1009 885 1062 934 ruit
1074 882 1141 935 atleo
1154 903 1208 934 non
1218 881 1326 934 labora-

281 985 341 1019 mus
352 987 358 1015 e
369 961 570 1016 constituendus
583 973 622 1012 eet
638 977 730 1011 teneus
743 979 758 1011 e
772 964 873 1012 ceteris.
885 962 1024 1013 Futimvero
1038 962 1198 1032 quambene
1212 961 1254 1013 die
1271 980 1326 1014 me·

283 1045 328 1098 «lio
341 1063 394 1096 nox
405 1060 482 1094 ruere
493 1041 614 1106 dicatur,
626 1039 734 1091 videant
745 1039 798 1092 alii.

318 1126 376 1175 Hac
387 1123 468 1194 igitur
479 1120 524 1171 via
535 1136 590 1169 nou
603 1120 686 1190 magis
700 1117 851 1189 expeditum
863 1117 938 1170 vides
954 1120 1021 1186 iter,
1036 1137 1114 1190 quam
1133 1119 1223 1171 altera.
1235 1119 1328 1170 Restat

284 1206 391 1273 itaque,
401 1213 430 1251 ut
439 1201 586 1263 fateamur,
600 1210 644 1249 eut
653 1215 702 1248 noe
714 1215 769 1249 non
782 1200 845 1249 satia
858 1197 1025 1251 commodam
1037 1197 1228 1268 interpretandi
1241 1209 1326 1268 poetae

282 1285 413 1335 rationem
423 1293 527 1342 tenere,
538 1291 583 1329 aut
592 1293 700 1348 poetam
716 1279 767 1330 sibi
781 1280 833 1350 ipsi
845 1277 918 1330 baud
935 1294 1072 1343 constare,
1086 1290 1131 1329 aut
1147 1291 1253 1349 poetam
1268 1296 1326 1328 om·

284 1366 348 1416 nino
361 1376 511 1431 temporum
523 1361 639 1410 rationes
651 1357 724 1410 haud
736 1375 851 1410 curatae.
863 1357 895 1408 Et
906 1358 1027 1410 ultimum
1037 1357 1088 1410 hoc
1099 1371 1222 1428 praestare
1231 1358 1325 1409 ceteris

284 1444 370 1496 videri
381 1441 453 1505 dixi,
466 1457 515 1491 nec
529 1451 614 1491 certas
624 1452 773 1508 temporum
785 1451 861 1489 notat
871 1455 932 1489 eum
945 1457 1078 1510 apponere
1088 1437 1212 1489 voluisse.
1225 1438 1263 1489 lta
1275 1453 1325 1486 nec

284 1524 355 1574 infra
369 1523 396 1572 in
411 1519 497 1570 reditu
510 1517 544 1569 ad
561 1535 686 1589 superos,
703 1532 788 1570 certas
801 1519 927 1587 temporis
940 1531 1017 1570 notae
1030 1517 1135 1587 adjecit.
1146 1519 1238 1588 ltaque
1248 1514 1281 1567 de
1291 1533 1324 1566 eo

283 1621 334 1654 nec
347 1618 404 1653 etto
416 1595 593 1651 laborandum
605 1597 674 1659 dixi3
689 1609 735 1648 out
749 1597 842 1650 saltem
854 1595 945 1648 licebit
957 1599 1040 1650 cuivia¹
1053 1605 1168 1650 statuere
1181 1615 1229 1668 pro
1246 1611 1325 1650 seusu

285 1693 311 1732 et
323 1681 428 1753 ingenio
439 1697 497 1730 auo.

727 1794 867 1808 ψ

550 1895 913 1988 EXCURSUS
947 1901 1063 1988 XII.

682 2073 736 2137 De
751 2033 934 2140 Salmoneo.

321 2230 374 2293 Vl,
386 2223 543 2292 585-594.
556 2223 594 2277 De
616 2223 758 2276 Salmoneo
776 2225 933 2278 consulendi
952 2225 1133 2297 Apollodorus
1154 2239 1180 2279 ct
1200 2227 1325 2299 Hyginus.

284 2311 371 2362 Etiam
382 2306 438 2358 btec
450 2304 557 2369 fabula,
570 2303 635 2355 dum
649 2323 671 2356 a
679 2305 768 2356 multis
782 2316 894 2357 tractata
909 2317 966 2369 est,
979 2323 995 2356 a
1005 2305 1127 2358 tenuibus
1137 2307 1218 2358 initiis
1231 2307 1326 2357 latiora

286 2391 412 2459 deinceps
427 2388 590 2438 incrementa
606 2387 715 2455 accepit.
731 2386 861 2436 Homerus
875 2385 995 2456 quidem,
1011 2385 1105 2457 Odyse.
1123 2401 1150 2446 t,
1165 2385 1214 2440 235
1227 2385 1329 2437 Salmo-

286 2486 366 2520 neum
378 2464 500 2528 ιίμῦμονι,
516 2460 633 2526 clarum,
649 2462 803 2531 simpliciter
822 2475 966 2529 memorat,
978 2476 1105 2534 tauquam
1120 2463 1237 2516 heroem.
1253 2463 1335 2515 Celei

287 2548 378 2598 bratus
391 2543 435 2594 illc
448 2544 499 2592 fuit
508 2554 619 2611 proptor
630 2558 694 2610 open
714 2555 740 2591 et
753 2553 842 2592 natam
854 2541 916 2594 inde
928 2542 1148 2614 magnificentiam
1160 2554 1186 2596 et
1198 2561 1328 2615 arrogan-

286 2629 351 2676 tiam
362 2645 368 2674 ε
378 2625 418 2674 uti
429 2621 530 2672 Alcide
538 2622 605 2672 vasu
617 2623 737 2692 corporis
750 2623 847 2674 robore
858 2625 1024 2676 ferocientes.
1036 2625 1114 2676 Nunc
1125 2624 1223 2696 ille⁸np.
1236 2625 1329 2676 Hesio·

287 2705 351 2758 dunt
373 2699 589 2768 inintetpmttie
607 2703 684 2758 litate
701 2704 728 2754 in
750 2705 844 2776 fragm.
861 2723 904 2776 op.
924 2703 1011 2758 Scltol.
1033 2705 1139 2758 Pindari
1155 2707 1182 2756 P.
1204 2707 1326 2771 1V,252.

286 2785 364 2836 Nunc
376 2784 434 2848 ille,
449 2783 595 2834 secundum
609 2783 769 2847 nonnullos,
782 2783 907 2854 superbia
927 2785 1012 2837 elatus
1029 2787 1164 2858 quadrinis
1172 2825 1181 2850 ‚
1199 2799 1326 2858 tanquam

287 2863 353 2917 dene
364 2865 476 2933 aliquis,
490 2864 605 2915 invectus
615 2883 662 2934 per
674 2863 776 2915 Elidem
788 2863 901 2917 bonores
914 2864 1018 2917 divinos
1029 2867 1182 2918 affectabat.
1193 2869 1242 2917 Pro
1256 2867 1327 2916 ferro

288 2947 371 3016 prisci
389 2943 510 2996 homiues
531 2961 581 2995 ere
596 2942 755 3005 utebantur3
774 2944 864 3014 itaque
878 2961 984 2996 currum
1000 2947 1055 3016 ejus
1070 2963 1161 2996 orreum
1178 2945 1328 2998 exhibuisse

287 3023 369 3077 debet
381 3025 504 3094 unuquut
518 3035 608 3094 poeta.
622 3022 712 3075 Solum
730 3041 762 3074 ex
780 3041 830 3074 tere
845 3024 946 3076 factum
965 3025 1102 3094 subjecere
1119 3025 1171 3076 alii.
1186 3025 1255 3096 Equi
1266 3039 1328 3088 χειλ-

288 3101 398 3168 aleten,
409 3103 546 3173 emordet,
556 3102 658 3175 vulgari
667 3117 808 3173 poetarum
819 3119 869 3154 usu
882 3105 1097 3175 frequentantur3
1112 3105 1191 3156 iitlem
1202 3104 1330 3172 zetxiepe-

287 3205 331 3236 cot.
342 3185 429 3236 Facile
442 3185 498 3236 benc
513 3197 607 3254 ¹noetus
620 3183 655 3236 etl
671 3183 789 3256 mytbum
803 3185 935 3238 dedocere
949 3199 1076 3258 potuere;
1090 3189 1224 3258 sapienter
1240 3200 1328 3238 tumen

289 3266 424 3318 substituit
440 3281 472 3316 ως
485 3279 512 3315 et
522 3262 628 3334 pulsum
646 3283 772 3337 equorum
782 3303 792 3331 ,
810 3279 839 3318 ut
859 3269 933 3338 priua
950 3266 984 3318 nd
1002 3285 1107 3319 currum
1123 3269 1216 3319 referri
1235 3268 1328 3338 possit.

289 3347 358 3398 Cum
370 3344 427 3395 aeris
444 3346 557 3414 strepitu
566 3342 695 3413 fulminis
705 3356 732 3396 et
745 3346 891 3396 tonitruum
909 3348 1081 3399 imitationem
1098 3345 1255 3399 affinxerunt
1268 3345 1328 3408 alii;

290 3422 363 3495 quod
373 3436 501 3494 sequutae
511 3435 551 3474 eat
561 3423 695 3495 Virgilius.
706 3423 791 3477 Aliter
803 3443 856 3476 rem
872 3439 1017 3478 tractarunt
1027 3426 1080 3477 alii.
1094 3443 1116 3476 v.
1131 3422 1286 3496 Apollodor.
1301 3427 1329 3491 1,

288 3521 321 3574 9,
335 3520 367 3573 7,
378 3501 424 3554 ubi
438 3499 519 3573 pellet
537 3502 685 3568 intimatos,
695 3503 783 3571 fitam
800 3503 975 3572 ὂξκραμμίνας,
993 3519 1052 3555 cum
1071 3503 1192 3556 lebetibus
1207 3521 1237 3555 ex
1248 3521 1329 3554 curru

289 3600 431 3654 suspensas
446 3601 494 3652 per
505 3583 590 3634 solum
602 3596 707 3635 tractat.
721 3587 830 3638 Pontem
841 3584 944 3637 addidit
953 3586 1078 3636 Manilius
1087 3587 1117 3649 V,
1130 3603 1163 3654 9²
1174 3584 1329 3636 Salmoneus

288 3663 381 3734 -qui
392 3660 485 3713 eoelum
501 3663 659 3715 imitatoria
678 3665 754 3727 orbe,
770 3665 896 3715 Pontibus
914 3665 1054 3736 impositis,
1069 3667 1200 3738 mistisque
1212 3682 1261 3738 per
1277 3681 1330 3715 nra

288 3742 442 3813 quadriqit,
456 3743 610 3812 Expressitte
621 3761 714 3796 tortum
729 3745 823 3796 muntii
833 3743 883 3796 tibi
895 3744 975 3808 visne,
988 3755 1013 3796 et
1026 3746 1110 3816 imum
1122 3745 1327 3822 Atbnouissclo-

290 3838 347 3870 uem
360 3820 445 3884 terris,
459 3821 528 3872 mole
539 3822 657 3888 fulmine
668 3821 743 3896 firqi
760 3825 858 3889 Sensit,
872 3835 898 3874 et
916 3825 1039 3878 immissos
1050 3829 1120 3900 iquet
1134 3845 1212 3897 snper
1227 3826 1280 3898 ipse
1290 3845 1330 3878 te-

288 3908 386 3971 quutus
404 3899 490 3950 Morte
506 3902 598 3952 lovem
615 3904 714 3955 didicit.
732 3905 806 3956 Facit
823 3905 850 3955 in
867 3903 1002 3957 hisceres.
1019 3907 1184 3958 molestiam:
1201 3907 1229 3958 in
1248 3909 1327 3971 orbe,

290 3977 364 4048 quod
383 3977 481 4030 dictum
498 3997 555 4032 csse
573 3981 654 4036 tlebet
670 4001 721 4054 pro
739 3987 767 4036 in
786 3985 851 4037 orbe
867 3998 1013 4056 terrarum,
1025 3989 1052 4040 in
1069 3989 1154 4040 terris.
1173 3989 1229 4041 Nee
1244 3989 1327 4059 magis

290 4057 396 4130 placet,
410 4058 437 4110 iu
454 4061 516 4112 urbe
532 4079 600 4115 nora
612 4061 760 4118 Salmonea.
775 4067 854 4120 Forte
867 4069 952 4121 orbem
969 4069 1034 4122 dixit
1051 4068 1083 4122 de
1100 4069 1223 4122 machino
1244 4081 1330 4132 crem·
