2996 4694
495 341 731 408 assinos
755 343 908 409 urana
932 348 970 408 v.
1213 349 1251 434 37

210 459 351 553 Jamque
364 464 433 531 fere
445 468 551 555 spatio
564 485 723 546 extremo,
737 467 898 557 fessique,
912 467 973 534 sub
987 469 1090 556 ipsam

211 569 328 633 Finem
339 569 571 652 adventabant,
585 574 650 638 leri
663 597 765 663 quum
778 575 937 662 sanguine
949 575 1045 640 Nisus

212 673 350 740 Labitur
361 678 489 759 infelix,
503 681 594 744 caesis
606 696 644 744 ut
655 680 740 744 forte
748 679 901 770 juvencis

210 778 316 845 Fusus
328 781 467 848 humum
480 783 660 874 viridisque
673 807 773 873 super
784 783 1007 851 madefecerat
1018 783 1146 850 herbas.
1211 797 1257 846 ³3⁰

211 885 276 952 Hic
283 889 415 978 juvenis
424 892 493 982 jam
505 894 612 959 victor
623 914 724 957 ovans
736 893 871 980 vestigia
883 915 998 981 presso

211 992 310 1056 Haud
322 998 428 1061 tenuit
441 997 580 1062 titubata
592 998 682 1074 solo,
695 995 755 1061 sed
766 1019 891 1085 pronus
904 999 937 1060 in
950 998 1023 1084 ipso

210 1097 377 1178 Concidit,
392 1100 623 1192 inmundoque
635 1103 714 1164 fimo
727 1124 887 1191 sacroque
899 1125 1027 1166 cruore.

209 1203 285 1266 Non
299 1221 409 1268 tamen
422 1207 568 1296 Euryali,
583 1230 650 1272 non
664 1208 719 1271 ille
734 1207 855 1272 oblitus
867 1229 1034 1272 amorum:

209 1309 294 1371 Nam
306 1331 377 1374 sese
390 1309 545 1399 obposuit
555 1313 641 1378 Salio
653 1335 715 1401 per
725 1311 851 1377 lubrica
864 1333 1018 1398 surgen53
1212 1325 1256 1372 33⁵

210 1413 270 1478 llle
282 1432 393 1480 autem
405 1419 507 1506 spissa
514 1418 618 1508 jacuit
631 1419 800 1484 revolutus
813 1442 922 1484 arena.

209 1521 336 1585 Emicat
348 1524 523 1612 Euryalus,
537 1543 570 1589 et
582 1547 720 1590 munere
733 1527 839 1590 victor
849 1526 947 1590 amici

208 1626 316 1691 Prima
329 1643 433 1708 tenet,
446 1630 631 1720 plausuque
644 1632 732 1696 volat
745 1633 947 1721 fremituque
959 1627 1122 1696 secundo:

238 1803 292 1868 327.
301 1809 542 1868 ipsuantuenturl’ier.
553 1823 577 1858 et
584 1811 663 1858 lleins.
674 1829 687 1858 e
698 1811 767 1858 codd.
778 1811 810 1858 cf.
818 1812 848 1858 ad
858 1811 899 1858 lib.
910 1811 955 1866 111,
970 1811 1019 1868 145.
1028 1813 1100 1872 ipsum
1108 1810 1194 1856 Medic.
1203 1828 1254 1858 am.

209 1891 269 1932 sec,
279 1889 325 1924 tres
333 1877 372 1924 alii
381 1891 403 1926 et
411 1879 481 1926 Goth.
490 1897 558 1929 unus.
568 1882 615 1929 Sed
623 1900 650 1929 ea
660 1883 777 1946 nrlflarior
787 1897 821 1931 est
830 1881 993 1930 ratio-328.
1004 1881 1049 1926 leni
1057 1894 1080 1928 et
1091 1891 1138 1926 tum
1146 1881 1256 1929 aberratt.

208 1947 297 1993 -33o.
304 1947 365 1994 humi
371 1949 418 1996 duo
427 1951 486 1997 Pier.
495 1965 517 1998 et
525 1953 565 1999 alii
572 1957 723 2001 recentiores.
730 1981 760 1990 -
766 1955 819 2001 333.
827 1956 952 2017 Cmsanus
960 1953 1064 1999 l‘arrbas.
1071 1952 1131 2000 male
1138 1969 1166 1999 ex
1173 1970 1194 1999 v.
1200 1953 1254 2014 4⁶9·

208 2018 297 2074 -334.
309 2025 540 2078 nmmumest,Witt.
552 2036 574 2070 et
584 2027 617 2070 sie
627 2025 734 2088 plerique
745 2027 806 2072 Pier.
817 2025 862 2070 Alii
871 2028 962 2070 amnis.
973 2037 995 2069 at
1006 2023 1052 2069 vid.
1063 2025 1153 2070 Notam.
1162 2025 1253 2072 -335.

209 2089 241 2133 Et
250 2105 297 2135 sese
306 2107 343 2153 ap.
353 2093 417 2139 Serv.
430 2093 509 2156 objecit
520 2093 624 2142 Parthas.
634 2121 665 2130 -
675 2095 728 2141 336.
742 2100 804 2142 tenid
810 2100 884 2159 jacuit
894 2097 987 2141 Servius
997 2094 1067 2156 legit,
1078 2097 1142 2141 etsie
1154 2111 1190 2156 pr.
1204 2095 1256 2139 ilot-

209 2157 275 2204 tend.
288 2175 301 2204 a
313 2176 343 2204 m.
355 2176 400 2207 sec.
412 2174 436 2208 et
449 2164 534 2224 Regius
542 2180 585 2225 pro
594 2165 681 2226 ylossa,
691 2181 761 2228 quam
771 2166 832 2212 forte
844 2165 930 2228 aliquis
942 2163 1021 2210 decori
1031 2163 1091 2208 male
1103 2165 1213 2224 providae
1223 2166 1256 2208 in·

210 2226 303 2272 tulerat.
316 2227 426 2276 resolutio
438 2232 497 2277 Ven.
511 2236 630 2296 resupinus
644 2233 703 2279 alter
718 2235 786 2281 Voss.
797 2260 829 2270 —
839 2235 891 2296 337.
902 2249 996 2278 munera
1008 2231 1066 2278 alter
1081 2233 1172 2294 Menan.
1184 2237 1256 2280 amico

210 2296 297 2345 Medic.
314 2315 367 2344 am.
384 2315 434 2362 pn,
447 2301 512 2366 quod
529 2303 607 2350 lleins.
622 2303 742 2351 adstruere
762 2304 860 2352 laborat.

244 2450 295 2518 327
319 2469 377 2524 sqq.
403 2453 445 2508 ad
466 2455 574 2508 Homeri
595 2455 706 2520 ductum
755 2457 980 2528 guissuperfusns
994 2453 1255 2526 (utServ.)made·

208 2527 227 2579 l.
241 2547 263 2580 c.
278 2531 328 2599 773
337 2549 395 2603 sqq.
405 2547 430 2586 et
443 2533 495 2606 539
505 2552 564 2606 sqq.
573 2535 615 2587 An
623 2535 707 2609 digni·
754 2539 856 2590 fecerat
865 2537 974 2589 humum
985 2535 1136 2588 herbosam.
1148 2534 1255 2606 vestiyia

207 2609 255 2660 tati
274 2611 343 2680 epici
356 2615 480 2666 carminis
492 2615 613 2668 versibus
623 2618 706 2668 mexi-
755 2616 882 2682 titubata,
909 2615 1052 2680 audacius,
1075 2626 1105 2664 ut
1123 2631 1139 2664 a
1157 2625 1253 2684 poete,

207 2705 249 2738 me
265 2688 317 2743 333
330 2703 356 2742 et
368 2691 428 2762 357.
445 2694 498 2746 358
516 2697 579 2748 satis
599 2696 706 2747 consul·
754 2715 805 2766 pro
822 2697 935 2768 pedibus
948 2694 1134 2747 titubantibus.
1146 2723 1181 2734 —
1192 2693 1253 2757 334.

206 2778 263 2817 tum
274 2769 322 2834 sit,
342 2774 478 2840 quaesitum
497 2787 536 2826 est
550 2793 610 2827 cum
623 2775 705 2840 alias,
754 2779 930 2831 amoresmnle
938 2776 1019 2830 modo
1027 2775 1061 2828 ad
1072 2788 1190 2846 turpem,
1200 2793 1255 2826 mo·

205 2858 264 2898 turn
280 2867 366 2920 nuper
384 2853 521 2918 iterum,a
533 2857 596 2908 viris
609 2854 703 2908 doctis.
755 2857 791 2910 do
811 2856 846 2910 ad
865 2877 989 2930 maguum
1007 2875 1122 2908 amorem
1136 2855 1252 2906 trahunt.

206 2925 305 2981 Saltem
314 2929 367 2982 boc
377 2933 530 2995 tenendum,
538 2953 592 2986 non
602 2955 633 2988 ex
644 2955 706 2988 nos·
754 2937 829 2990 Nihil
840 2937 912 2990 aliud
924 2951 977 3001 est,
996 2954 1076 3008 quam
1094 2937 1200 3007 poetica
1212 2954 1255 2987 ra-

207 3017 250 3056 tro
283 3007 373 3061 decori
403 3031 482 3064 sensu
506 3013 706 3084 dijudicandam
755 3021 793 3069 tio
818 3037 867 3088 pro
888 3018 1006 3090 vulgari,
1025 3033 1100 3066 amor
1117 3017 1183 3086 sing.
1205 3033 1254 3066 nu·

209 3100 265 3135 rem
281 3102 351 3146 esse;
372 3090 450 3157 quale
472 3104 561 3144 autem
577 3094 705 3164 Augustei
754 3116 837 3150 mero.
857 3127 893 3138 -
912 3099 972 3151 338.
997 3096 1090 3148 Prima
1113 3104 1198 3159 tenet,
1220 3083 1255 3146 n*

208 3163 342 3216 seculide
355 3167 402 3218 tali
418 3187 446 3219 re
462 3170 593 3236 judicium
609 3172 705 3235 fuerit,
753 3177 851 3244 ηὸτι,
873 3178 1014 3229 victoriam
1043 3174 1145 3226 obtinet
1167 3176 1253 3244 primo

205 3243 369 3315 ignoramus.
393 3247 492 3300 Nostra
512 3248 620 3318 quidem
644 3263 706 3301 atas
755 3255 830 3320 loco,
847 3259 945 3308 amoris
959 3253 1089 3307 beneficio
1111 3263 1137 3303 et
1156 3251 1253 3303 studio.

205 3325 318 3377 facetias
329 3325 395 3378 tales
406 3337 494 3394 recte,
505 3340 586 3397 puto,
597 3331 705 3399 respuit.
755 3363 790 3372 -
800 3333 859 3404 339.
881 3335 956 3386 sertia
970 3332 1079 3406 palma,
1096 3332 1175 3381 tertio
1194 3331 1254 3384 loco

207 3403 293 3456 Tanto
317 3405 485 3457 manifestior
514 3403 549 3457 ad
580 3409 707 3478 cujusque

208 3499 314 3536 sensum
326 3487 444 3538 suavitas
457 3498 497 3538 est
509 3486 535 3536 in
548 3485 656 3558 Euryali
668 3505 707 3539 re·

207 3565 318 3634 pentino
335 3563 446 3616 consilio
459 3583 483 3616 v.
502 3565 554 3632 334
571 3583 629 3636 sqq.
649 3584 706 3636 spa·

209 3642 246 3694 tio
260 3651 387 3708 extremo,
400 3657 517 3697 extrema
528 3643 608 3697 stadii
620 3659 705 3716 parte;

208 3724 344 3774 nonenim
356 3724 447 3793 plura,
464 3725 538 3796 quod
552 3745 595 3796 ap.
610 3728 706 3780 llome·

208 3820 268 3853 rum
287 3800 329 3866 fii,
347 3805 433 3873 spatia
449 3807 595 3858 confecisse
611 3806 705 3860 viden·

206 3893 260 3932 tur.
282 3882 374 3934 finem
393 3885 546 3953 exquisitius
564 3904 614 3956 pro
636 3901 707 3940 meta

209 3959 284 4012 dixit.
300 3959 360 4012 levi
371 3963 498 4034 sanquine
511 3983 560 4035 pro
577 3967 635 4018 solo
648 3967 706 4019 laevi

208 4054 321 4112 propter
340 4046 503 4116 sanguinem.
517 4073 550 4086 -
561 4047 620 4100 330.
645 4067 706 4102 san·

755 3415 854 3476 victor,
867 3416 970 3466 ratione
978 3413 1099 3482 poetica,
1109 3427 1188 3480 quarn
1196 3413 1255 3482 ipsa

755 3491 803 3544 illa
814 3491 935 3563 exempla
952 3491 1103 3555 illustrant,
1123 3509 1180 3562 que
1193 3493 1254 3544 Bne·

755 3589 868 3623 mannus
876 3571 970 3623 laudat
978 3569 1013 3622 ad
1020 3569 1049 3621 h.
1058 3569 1075 3620 l.
1085 3583 1109 3622 et
1119 3551 1267 3624 Drakenbss

756 3649 791 3703 ad
803 3649 894 3704 Silium
904 3649 964 3702 XVl
972 3686 980 3714 ‚
994 3649 1053 3717 504.
1067 3651 1101 3702 cf.
1116 3651 1212 3724 Georg.
1226 3653 1253 3716 1,

756 3729 798 3800 59.
812 3729 858 3782 ubi
868 3727 972 3800 palmas
985 3727 1109 3782 Eliadum
1125 3749 1254 3803 equanam

755 3823 837 3882 poeta
853 3809 919 3862 dixit
936 3827 1017 3880 equas
1033 3810 1154 3862 victrices
1167 3812 1195 3862 in
1207 3809 1253 3862 de·

755 3890 876 3942 cursibus
903 3889 1055 3963 Olympicis.
1082 3888 1196 3954 Palma,
1224 3901 1254 3940 ut

755 3971 864 4022 victoria
874 4008 883 4034 ,
901 3983 927 4023 et
943 3987 1011 4044 sepe
1031 3970 1084 4024 alia
1103 3969 1253 4034 abstracta,

754 4067 805 4120 pro
817 4050 925 4102 viatore.
