2968 4696
455 366 518 430 10
541 365 741 428 manuus
764 367 851 429 vu.
1110 375 1173 462 379

137 493 241 564 signnm
253 502 382 543 memorat
394 486 505 539 Ovidius
517 489 545 538 in
554 485 643 538 Circes
656 485 756 538 sedibus
766 488 830 540 Met.
841 487 912 552 XIV,
924 488 976 542 313
986 508 1041 562 sq.,
1051 505 1080 544 ut
1092 511 1176 567 augu-

136 571 213 626 randi
226 573 322 644 peritia
334 571 362 622 in
374 570 435 620 Pico
448 586 572 639 expressa
582 568 663 618 fuisse
675 567 805 619 videatur.
817 567 877 635 Quo
891 571 950 639 ipso
965 571 1115 626 declaratur
1131 575 1176 640 id,

137 651 209 722 quod
220 651 291 722 apud
302 650 440 722 Virgilium
449 649 543 701 lituum
556 667 635 700 mauu
647 659 719 700 tenet
729 651 785 718 ejus
795 649 898 720 signum
911 653 937 704 111
948 653 1033 704 Latini
1046 655 1117 725 regia
1129 674 1176 726 po-

136 733 232 783 situm:
250 749 275 781 r.
296 732 341 799 187
359 730 417 801 Ipse
430 726 565 798 Quirinali
579 726 646 778 lituo
657 727 800 780 -sedebat
809 757 842 766 —
854 729 932 780 Picus
944 748 1042 800 equum
1054 732 1174 784 domitor.

134 807 239 864 Servius
252 827 358 880 quoque
371 806 405 859 ad
414 828 437 860 e.
450 807 467 858 l.
480 825 510 860 ex
523 805 720 858 Pontificalibus
731 806 805 860 libris
818 807 932 877 probare
947 809 1019 872 vult,
1033 811 1122 862 Picum
1133 831 1177 864 au-

134 891 211 960 gurio
222 890 322 942 clarum
334 889 423 940 luisse.
436 887 517 959 Apud
527 887 613 940 Valer.
628 887 665 938 Fl.
676 888 735 954 Vll,
746 888 796 940 232
807 887 896 950 Circe,
908 891 957 941 etsi
970 889 1106 956 simulate,
1117 911 1177 963 pro-

137 969 225 1020 litetur
235 987 262 1021 se
275 971 329 1022 Pici
341 970 508 1020 matrimonio
520 967 622 1021 haberi.

169 1051 224 1101 Pici
236 1050 318 1102 lilium
330 1049 447 1120 prodidit
456 1049 575 1100 Faunum
584 1048 722 1119 Virgilius:
732 1049 825 1100 Fauno
835 1050 915 1102 Picus
923 1057 1014 1120 pater:
1026 1063 1052 1100 et
1061 1051 1108 1102 lib.
1120 1051 1178 1116 llll,

135 1129 196 1198 766.
215 1131 265 1199 769
282 1143 322 1182 est
336 1133 441 1182 Faunus
460 1130 575 1180 Laurens
588 1127 656 1180 decu.
672 1129 763 1180 Martis
780 1129 863 1180 lilium
883 1129 1022 1182 ediderant
1035 1129 1096 1182 elii:
1115 1133 1179 1182 Dio-

136 1226 192 1278 nys.
206 1209 231 1273 l,
242 1209 285 1261 31.
298 1209 414 1280 Appian.
428 1209 521 1279 fragm.
533 1206 580 1258 lib.
593 1208 611 1257 l.
625 1207 713 1273 Quum
728 1211 755 1260 in
772 1210 828 1278 ejus
841 1221 943 1262 aetatem
956 1209 1071 1261 Evandri
1081 1222 1107 1260 et
1117 1211 1180 1261 ller-

135 1288 202 1341 culis
217 1308 338 1342 accessus
353 1289 388 1342 ad
400 1288 505 1340 lteliem
515 1307 531 1340 0
541 1288 637 1340 Grecis
647 1288 723 1343 relati
735 1302 836 1353 essent,
847 1291 1013 1360 frequentior
1026 1293 1082 1359 ejus
1096 1288 1130 1342 ab
1147 1292 1178 1342 iis

134 1369 208 1422 tecta
219 1373 326 1423 mentio.
337 1371 374 1422 Ex
387 1382 426 1420 tot
436 1370 550 1420 inaniter
560 1367 716 1438 plerumque
728 1369 762 1421 de
777 1370 830 1422 hoc
842 1371 933 1421 Fauno
946 1369 1023 1422 dietis
1033 1369 1089 1422 ltaec
1104 1381 1179 1422 tene·

133 1446 221 1500 bimus
231 1471 237 1500 s
248 1451 363 1522 primum
374 1466 472 1500 numen
485 1449 568 1500 fuisse
579 1448 682 1516 antiqui
691 1447 773 1512 Latii,
783 1448 863 1519 idque
873 1449 1030 1516 fatidicum,
1043 1451 1162 1502 Faunum
1171 1471 1179 1513 ς

134 1529 211 1582 fuere
226 1544 314 1584 autem
330 1533 422 1601 priscae
436 1529 533 1593 ltalin,
549 1541 575 1580 et
587 1529 733 1598 priscarum
751 1530 805 1581 lere
824 1549 854 1580 ac
869 1529 1044 1584 barbararum
1061 1533 1179 1602 gentium

137 1612 271 1674 omnium,
286 1609 323 1662 dii
335 1609 437 1662 fatidici
450 1620 551 1660 tanturn
560 1627 614 1659 non
625 1625 715 1660 omnes
727 1630 732 1658 :
746 1607 802 1660 haec
812 1611 882 1660 enim
892 1610 981 1661 lutura
994 1609 1179 1680 prenoscendi

136 1709 167 1744 ac
182 1688 343 1762 praedicendi
359 1689 472 1742 lacultes
491 1691 518 1740 in
535 1691 641 1742 numine
659 1690 778 1759 inprimis
797 1688 934 1742 hominum
954 1689 1058 1742 rudium
1077 1691 1179 1742 enimes

134 1771 274 1823 movebatt
287 1791 336 1823 uec
348 1769 425 1824 aliter
436 1769 545 1822 barbari
557 1771 684 1822 Americte
694 1781 720 1822 et
733 1769 828 1821 Attice
841 1771 935 1843 populi
948 1771 981 1824 de
992 1771 1043 1822 dils
1056 1773 1109 1822 suis
1125 1785 1180 1823 sta·

135 1861 227 1911 tuunt;
238 1861 264 1902 et
276 1850 408 1902 interdurn
418 1867 522 1902 omnem
533 1849 701 1919 religionem,
711 1848 812 1900 cultum
822 1863 849 1902 et
860 1853 996 1904 notionem
1005 1852 1133 1914 numinis,
1145 1849 1180 1901 ad

136 1929 288 1996 opinionem
300 1941 327 1978 et
338 1945 411 1997 spem
423 1927 604 1997 comperiendi
616 1929 706 1980 futura
717 1948 731 1979 e
743 1928 794 1979 diis
806 1942 833 1981 et
842 1931 1026 1982 sacerdotibus
1040 1931 1127 1982 redire
1139 1930 1179 1978 vi-

136 2004 236 2056 demus.
247 2007 352 2056 Faunus
363 2018 450 2056 tamen
457 2007 525 2056 inter
531 2004 656 2056 fatidicos
666 2005 730 2058 deos
740 2008 859 2076 inprimis
869 2011 991 2060 eminuit:
1003 2021 1112 2077 eratque
1122 2009 1179 2075 ejus

137 2083 241 2136 celebre
253 2084 391 2136 oraculum
403 2085 429 2134 111
443 2083 504 2134 luco
516 2083 643 2134 Albuneae
656 2083 729 2152 apud
740 2084 841 2144 Tibur;
859 2085 892 2138 de
905 2105 958 2156 quo
968 2105 993 2138 v.
1008 2086 1054 2138 lib.
1070 2088 1131 2149 Vll,
1145 2087 1177 2138 82

137 2181 196 2235 sqq.
206 2185 213 2225 ;
224 2162 258 2215 ab
272 2181 304 2214 en
318 2163 387 2214 euim
400 2174 539 2233 acceptum
551 2161 640 2212 nobile
649 2161 717 2212 illud
728 2179 885 2232 responsum
895 2163 929 2215 de
940 2165 1058 2215 Lavinia.
1071 2163 1179 2234 Symbo-

136 2245 216 2297 licum
233 2261 339 2314 quoquc
354 2261 452 2294 nomen
468 2254 508 2292 est
526 2242 615 2292 Futuoe
631 2257 680 2312 pro
697 2259 778 2294 rixose
793 2244 878 2296 Fauni
893 2243 991 2294 habita
1007 2245 1098 2295 lutura
1115 2263 1179 2314 prte-

137 2326 276 2377 mouentis.
291 2341 314 2374 r.
327 2323 421 2374 lustin.
436 2321 531 2384 XLIII,
555 2337 574 2370 1.
589 2319 719 2372 Videntur
734 2331 822 2372 nutem
836 2322 943 2374 oracula
956 2322 1002 2374 illa
1018 2322 1178 2394 aliquando,

139 2408 222 2459 serius
235 2407 313 2468 forte,
321 2402 443 2456 versibus
451 2401 561 2452 rudibus
574 2402 655 2452 fuisse
667 2399 782 2468 reddita,
792 2401 1082 2476 qnodrersuumgenus
1091 2403 1172 2454 Satur

138 2488 195 2538 nior
212 2484 381 2558 appellarunt
399 2495 518 2534 veteres:
532 2483 567 2532 cf.
579 2483 665 2534 Verro
677 2481 726 2532 th
739 2483 774 2532 Vl
782 2521 790 2549 ,
803 2484 827 2534 3.
847 2483 1001 2536 Inconditos
1014 2502 1105 2537 versun
1119 2502 1185 2555 poe·

137 2579 224 2617 tarum
246 2564 412 2634 superiorum
433 2561 533 2616 Ennius
548 2559 689 2614 vellicabat
705 2561 757 2614 boc
774 2564 897 2624 nomine;
921 2563 1042 2635 scripsere
1059 2563 1110 2615 elii
1129 2579 1184 2613 rem

139 2646 274 2709 Versibus,
296 2662 361 2716 quos
375 2640 440 2693 olim
456 2641 557 2692 Faunei
576 2641 714 2713 Vateisquc
729 2643 864 2694 canebant.
883 2643 992 2716 (Redigi
1008 2661 1098 2696 versus
1114 2643 1174 2694 illos

136 2723 259 2776 horridos
279 2723 313 2775 ad
327 2734 439 2774 metrum
456 2719 566 2790 aliquod
583 2721 609 2770 in
621 2737 724 2771 summa
738 2725 880 2792 asperitate
894 2741 973 2793 posse
988 2723 1080 2775 docuit
1095 2741 1181 2794 nuper

137 2806 304 2857 Hermannus
313 2805 340 2854 in
351 2802 430 2854 docto
443 2801 513 2852 libro
523 2799 556 2851 de
567 2802 656 2852 metris
668 2801 845 2873 Graecorum.)

170 2885 226 2934 Hoc
236 2901 333 2934 numen
346 2881 456 2932 Romani
468 2879 501 2932 de
514 2881 582 2931 Pane
591 2879 745 2932 Graecorum
753 2883 919 2952 interpretati
931 2895 991 2933 sunt
1003 2904 1009 2931 :
1022 2880 1084 2934 inde
1096 2881 1175 2932 etium

135 2963 240 3012 Faunos
249 2959 289 3028 (r.
301 2960 358 3008 AEn.
369 2959 441 3022 VIII,
455 2957 505 3027 34)
517 2957 552 3008 ad
562 2976 662 3010 morem
672 2961 771 3011 Panum
784 2975 810 3012 et
822 2963 975 3032 Satyrorum
986 2959 1178 3031 produxerunt.

138 3039 377 3092 Grammaticorum
396 3048 545 3088 commenta
561 3053 615 3088 non
631 3040 802 3108 attingimus:
819 3059 844 3091 v.
862 3041 955 3089 Victor
970 3041 1002 3092 Ο.
1020 3037 1051 3088 G.
1072 3040 1103 3090 ll.
1118 3057 1140 3088 c.
1154 3038 1178 3102 4.

137 3120 226 3172 Habiti
238 3119 322 3169 Fauni
335 3118 403 3168 inter
415 3117 524 3167 comites
541 3115 637 3166 Bacchi
652 3129 677 3167 et
694 3120 767 3189 orgia
784 3119 964 3181 celebrantes,
981 3120 1061 3169 etiam
1074 3119 1100 3168 in
1114 3118 1179 3168 artis

137 3201 279 3272 operibus:
293 3215 347 3269 que
358 3197 392 3249 de
405 3215 433 3248 re
446 3199 546 3268 egimus
558 3197 585 3248 in
594 3197 736 3268 Antiquar.
749 3197 881 3250 Ablmndl.
893 3217 916 3250 c.
930 3200 966 3263 ll,
979 3219 1006 3270 p.
1021 3199 1063 3252 53.
1077 3217 1135 3270 sqq.

176 3281 241 3332 Inde
258 3283 327 3332 inter
339 3281 441 3350 priscos
459 3276 541 3329 Italiae
560 3294 606 3329 seu
622 3277 690 3329 Latii
707 3297 781 3350 regen
795 3279 866 3332 idem
881 3280 988 3332 Faunus
1008 3279 1107 3332 relatus
1124 3291 1181 3341 est,

138 3361 218 3414 modo
230 3363 332 3426 blattis,
345 3359 424 3410 modo
436 3359 496 3412 Pici
505 3355 611 3410 habitus
623 3357 705 3423 lilius,
715 3358 787 3430 quod
796 3359 920 3430 Virgilius
931 3361 1067 3433 amplexus
1077 3374 1116 3412 eet
1128 3361 1146 3411 l.
1155 3379 1179 3412 c·

137 3443 174 3492 Eo
188 3453 323 3513 regnante,
335 3440 458 3493 Evander
467 3459 498 3492 ex
511 3439 627 3492 Arcadia
638 3442 666 3491 in
678 3441 780 3493 ltaliam
795 3443 898 3493 venisse
915 3441 1059 3494 ferebatur.
1074 3461 1100 3493 v.
1115 3443 1181 3493 Dio-

138 3540 194 3595 nys.
207 3524 235 3586 l,
247 3523 277 3575 31
289 3521 406 3588 ,Justim
419 3521 515 3582 XLlll;
533 3536 560 3583 r,
573 3520 605 3571 Ο.
616 3519 648 3571 G.
660 3521 690 3570 n.
705 3520 728 3574 5.
741 3520 943 3574 constituerunt
952 3520 1020 3574 adeo
1032 3524 1115 3593 inepti
1128 3521 1179 3573 hc-

135 3601 217 3652 mines
228 3618 358 3652 annorum
369 3619 520 3661 numerum,
532 3617 599 3671 quos
611 3603 760 3672 regnaverit
766 3602 873 3653 Faunus
886 3620 947 3653 cnm
956 3604 1050 3656 ceteris
1062 3601 1176 3674 regibus.

138 3677 252 3751 Syncell.
265 3697 291 3750 p.
309 3693 365 3748 ¹7¹·

168 3761 305 3812 FnFauno
318 3772 345 3810 et
352 3759 454 3810 Marica
460 3757 594 3831 Nympha,
601 3760 710 3813 Latinus
716 3773 794 3812 ustus
806 3773 856 3826 est,
870 3779 925 3831 quo
935 3773 1072 3832 regnante,
1083 3761 1177 3814 AEneas

137 3837 171 3888 ad
181 3837 239 3888 1110
254 3837 314 3889 loca
325 3837 405 3888 venit.
418 3837 499 3888 IIunc
514 3839 605 3890 Fuursc
619 3849 645 3890 et
660 3837 776 3911 nympha
791 3839 915 3912 qenitum
927 3839 1056 3892 Laurente
1074 3839 1179 3890 Marica

134 3917 292 3987 Accipimus.
305 3917 365 3968 Fuit
375 3929 463 3968 entem
474 3918 575 3970 Marica
586 3917 637 3971 dea
647 3921 870 3972 Minturnensium
881 3919 915 3972 nd
925 3919 1033 3972 flurium
1043 3920 1123 3987 lirin,
1131 3938 1179 3972 cu·

131 3997 174 4064 jus
186 3995 261 4047 lucus
275 3997 303 4048 in
317 4013 350 4047 eo
363 3995 440 4049 litore
454 3997 505 4048 fuit
516 4015 570 4049 non
582 3999 705 4071 ignotus,
718 4017 767 4073 pro
779 4000 883 4052 Venere
895 3999 965 4052 male
975 3997 1048 4072 npud
1057 3999 1181 4054 Serrium

133 4075 240 4141 habita;
252 4095 314 4131 nem
326 4095 357 4132 ee
368 4077 471 4134 Murcia
481 4094 546 4134 erat.
558 4080 599 4134 An
613 4081 746 4155 aVirgilio
758 4101 808 4155 pro
819 4081 913 4136 eadent
925 4099 986 4136 cnm
998 4080 1074 4135 Circe
1083 4081 1178 4136 habita
