2968 4696
291 365 353 432 332
529 371 563 434 r.
587 369 818 435 vrnoruu
841 361 1076 442 Minonis

289 488 504 580 Catillusque,
517 514 659 581 acerque
671 495 785 572 Coras,
798 497 917 583 Argiva
924 496 1096 586 juventus,

289 593 331 657 Et
341 596 480 682 primam
491 612 567 660 ante
579 598 683 662 aciem
696 597 797 663 densa
809 600 895 664 inter
905 600 971 666 tela
982 603 1149 683 feruntur,

290 700 373 778 Ceu,
387 698 454 765 duo
466 701 640 791 nubigenae
652 726 756 792 quum
767 707 889 770 vertice
902 709 1022 772 montis
1034 707 1075 772 ab
1087 709 1154 772 alto

279 806 504 874 aDescendunt
515 811 685 888 Centauri,
699 812 863 876 Homolen
876 813 1083 904 Othrquue
1095 816 1243 882 nivalem
1283 829 1335 891 ⁶7⁵

289 913 493 1003 Linquentes
504 939 604 983 cursu
615 914 746 1005 rapid03
760 917 815 984 dat
828 919 982 984 euntibus
995 923 1109 1009 ingens

289 1019 374 1086 Silva
387 1022 511 1102 locum,
526 1041 558 1087 et
569 1046 688 1112 magno
701 1023 824 1088 cedunt
835 1025 975 1112 virgulta
987 1027 1125 1114 fragore.

227 1207 230 1222 Ι
335 1127 402 1190 Nec
414 1128 620 1193 Praenestinae
632 1127 789 1194 fundator
801 1127 908 1195 defuit
920 1129 1025 1211 urhis,

289 1230 437 1297 Volcano
449 1234 596 1321 genitum
608 1256 728 1322 pecora
741 1235 827 1299 inter
837 1237 975 1324 agrestia
989 1259 1100 1324 regem

291 1430 345 1476 Exc.
355 1431 416 1475 Vlll.
428 1433 521 1495 -672.
536 1434 658 1490 Chntillus,
675 1433 807 1492 Catthilius,
824 1435 946 1493 Cathillus,
965 1436 1070 1493 Cntltt'ls's,
1086 1435 1198 1492 Cathilus,
1215 1435 1331 1493 Catullus,

291 1498 457 1548 aberrationem
470 1501 555 1550 Chorus
568 1505 638 1551 Goth.
651 1521 696 1552 sec.
708 1507 783 1552 Corax
792 1507 877 1553 Moret.
889 1520 941 1553 tert.
954 1523 1006 1553 tum
1018 1507 1092 1554 trihus
1101 1507 1151 1553 aliis
1160 1509 1252 1561 Burin,
1264 1520 1333 1552 ntro-

290 1583 337 1631 que
350 1569 430 1626 Goth.;
443 1574 507 1617 etsie
519 1573 596 1620 Schol.
607 1575 852 1638 lloratiiCruquitnut
861 1577 910 1622 adl
922 1576 967 1622 0d.
979 1594 1001 1639 7,
1012 1588 1034 1622 et
1046 1577 1111 1621 tud.
1124 1576 1158 1623 18.
1168 1601 1200 1611 -
1208 1574 1261 1638 673.
1274 1579 1334 1620 inter

292 1638 351 1685 bella
360 1642 429 1688 Goth.
441 1667 472 1678 ·-
483 1644 536 1706 675.
547 1645 652 1702 Omolen,
665 1645 773 1703 Erulou,
786 1646 894 1703 Amolon,
911 1647 1037 1708 Tymolem,
1054 1648 1163 1694 aben-att.
1176 1647 1331 1694 librariorum.

292 1709 350 1753 Nam
359 1703 447 1770 'ottus
458 1715 511 1759 satis
522 1727 577 1760 uota
589 1733 618 1762 ex
627 1718 725 1762 Pausan.
736 1718 780 1773 lll,
794 1717 816 1764 8.
827 1716 908 1780 Steph.
917 1720 971 1782 Byr.
986 1716 1010 1763 h.
1021 1734 1043 1764 v.
1053 1717 1121 1763 hiens
1132 1716 1194 1763 idern
1205 1717 1334 1762 Centauro·

292 1793 345 1824 rum
356 1779 422 1828 clade
431 1795 525 1832 notatus
538 1803 576 1848 ap.
590 1788 670 1850 Eurip.
683 1789 751 1833 llere.
766 1788 812 1834 lur.
827 1788 880 1851 371.
894 1791 963 1836 Panis
974 1789 1041 1837 sedes
1052 1805 1089 1851 sp.
1101 1786 1200 1835 Theoer.
1213 1788 1268 1842 Vll,
1282 1787 1334 1832 ¹03·

292 1849 379 1895 Urbem
393 1852 463 1898 simili
476 1858 572 1902 nomine
582 1855 697 1903 llontolen
708 1856 747 1904 vel
759 1857 905 1914 llomoliurn,
917 1858 998 1905 buslat
1008 1858 1090 1904 Strtbo
1102 1856 1143 1902 lib.
1157 1857 1200 1912 lll,
1214 1873 1237 1919 p.
1249 1855 1293 1918 675
1306 1856 1333 1900 ll.

293 1931 317 1964 et
329 1919 477 1980 Ptolemaeus,
489 1938 585 1974 notente
596 1926 660 1973 lulio
672 1929 771 1984 Sabino,
784 1929 824 1992 qui
839 1929 909 1976 docet
925 1929 983 1976 aliot
995 1928 1073 1991 legere
1090 1925 1161 1974 otoen
1171 1943 1214 1990 pro
1228 1924 1333 1972 Pholoen.

293 1990 339 2036 Sed
349 1993 368 2037 is
379 1994 482 2041 Arcadiae
493 2012 559 2044 mons
575 2011 617 2045 est.
629 1999 684 2045 Mox
700 2001 726 2045 in
736 1993 818 2058 'inut
834 1999 875 2046 elii
887 2015 991 2048 errores:
1005 2001 1156 2063 Otyntmque,
1175 1997 1336 2061 ostrumque,

297 2062 442 2128 Tyn-imque,
457 2065 610 2133 Notbumque.
620 2071 650 2115 At
657 2069 744 2116 Medic.
755 2068 907 2135 Othnsmque,
919 2083 943 2117 et
951 2070 1029 2133 vulgg.
1039 2083 1093 2116 tute
1103 2070 1223 2116 lleinsinm
1234 2066 1335 2126 Othryn·

293 2148 345 2195 que.
356 2135 461 2184 Tandem
473 2141 585 2186 subantem
595 2138 689 2186 Vratisl.
698 2140 792 2203 -676Ι
805 2140 883 2188 mllio
898 2142 951 2186 lixo.
968 2141 1048 2186 Burni.
1064 2141 1106 2185 Ge.
1125 2139 1244 2184 Febricius
1261 2141 1337 2184 inter·

293 2208 584 2274 Pfflfltbattnbinquentes:
596 2228 664 2258 cursu
678 2213 756 2276 reptile
771 2213 811 2258 dat
821 2227 841 2258 e.
852 2213 945 2275 -677,
961 2213 994 2258 Ex
1005 2209 1104 2258 Miscell.
1122 2211 1189 2256 obss.
1201 2209 1254 2256 Vol.
1267 2211 1290 2264 l,
1307 2225 1336 2272 ¹7

294 2291 389 2327 uotnuu·
399 2281 430 2329 ad
438 2281 462 2328 h.
475 2281 491 2328 l.
503 2283 657 2347 reprehensio
669 2296 755 2347 poetae,
774 2287 815 2348 qui
831 2295 884 2347 post
899 2283 978 2330 siluam
988 2281 1096 2347 obpulta,
1112 2291 1165 2345 post
1176 2283 1250 2344 majus
1259 2284 1336 2329 minus

294 2353 511 2409 eommemorsndo‚
523 2370 603 2400 versus
611 2356 659 2402 rim
668 2355 796 2416 infregerit.
804 2352 938 2417 Respondet
947 2353 980 2400 ihi
989 2356 1023 2400 vir
1031 2353 1114 2399 doctus
1120 2351 1192 2407 alirn,
1204 2351 1244 2398 ted
1253 2367 1338 2413 parunt

295 2421 429 2478 commode3
441 2436 484 2468 nec
496 2425 568 2488 magis
579 2423 701 2470 commode
711 2422 833 2470 Schrader.
844 2424 874 2469 ad
882 2425 994 2470 Mutuum
1004 2439 1027 2485 p.
1043 2421 1094 2478 164,
1103 2439 1116 2467 a
1125 2419 1265 2483 generaliori
1276 2436 1338 2483 pne·

296 2501 341 2535 tam
352 2491 381 2536 sd
390 2491 513 2553 specialius
529 2495 635 2540 transire.
647 2493 779 2540 Dicendum
796 2508 857 2550 eret,
875 2492 971 2558 virpultu
986 2495 1080 2556 poetico
1091 2506 1197 2538 sermone
1204 2493 1271 2554 jungi
1283 2505 1337 2536 eunt

295 2558 357 2606 sibis
369 2573 393 2606 et
401 2560 484 2608 eodem
494 2562 547 2609 loco
556 2563 650 2620 haberi,
662 2579 706 2610 nec
717 2565 816 2611 inferius
825 2564 867 2611 illo
877 2581 934 2612 esse.
948 2564 1022 2611 Simili
1032 2563 1104 2610 modo
1112 2562 1205 2608 uenuste
1213 2579 1256 2625 pro
1265 2562 1339 2608 arbo-

295 2629 373 2685 ribus,
383 2629 447 2676 nulls
457 2648 509 2678 cum
520 2637 692 2681 extenuatione.
701 2635 761 2681 Vide
772 2634 813 2682 lib.
821 2636 864 2692 Vl,
877 2634 930 2698 704.
941 2635 995 2690 llll,
1009 2633 1061 2680 itt.
1070 2635 1099 2678 Et
1108 2631 1205 2696 vt'ryultn
1213 2631 1339 2694 aliquoties

295 2703 320 2746 in
333 2700 393 2747 libro
404 2703 488 2766 Georg.
501 2708 570 2751 tertio
587 2723 629 2769 pro
645 2705 706 2752 silvis
719 2707 777 2752 dixit
795 2723 800 2754 ι
819 2708 921 2753 Lucretii
934 2706 1053 2768 exemplo,
1070 2721 1139 2769 quem
1151 2722 1174 2750 v.
1190 2703 1231 2750 lib.
1241 2705 1271 2758 V,
1282 2703 1338 2765 93³.

295 2771 349 2834 934.
363 2773 433 2830 1365,
445 2775 517 2822 Porro
526 2777 607 2822 cedunt
614 2776 688 2833 (tud,
700 2777 764 2824 unde
774 2779 852 2824 lleins.
863 2781 925 2840 conj.
936 2793 960 2823 se
969 2777 1031 2822 dant.
1041 2800 1073 2812 -
1081 2775 1135 2838 678.
1144 2778 1196 2822 Non
1203 2775 1338 2820 duellum.

295 2841 369 2904 deficit
382 2843 448 2890 liorn.
459 2871 490 2881 -
501 2846 587 2893 Versus
595 2847 649 2909 679.
660 2847 706 2894 680
715 2850 817 2911 suspecti
829 2859 895 2896 eraut
903 2849 952 2894 lac.
961 2850 1060 2912 llryaut,
1069 2862 1113 2892 uec
1122 2847 1265 2908 injurittest
1274 2847 1338 2891 enim

296 3037 389 3090 pressu
405 3041 420 3072 s
438 3022 521 3076 Statio
541 3025 576 3075 lV
593 3023 677 3078 Theb.
700 3027 794 3096 139·-
843 3043 896 3078 rem
915 3027 969 3076 Dat
986 3023 1061 3076 silva.
1074 3021 1258 3096 [Homericum
1271 3019 1340 3088 tap-

300 3100 357 3166 ¹4¹·
381 3103 431 3168 lx,
457 3119 622 3157 nno-222.
650 3105 794 3178 nuhiqenas
842 3103 902 3158 eain
919 3097 1340 3169 stetsttte’tntmtn(1liad.

296 3177 443 3234 Centauros
456 3201 537 3254 quum
560 3186 648 3255 prisca
666 3183 794 3255 loquendi
843 3185 871 3251 ξ,
888 3181 976 3254 285),
993 3181 1065 3254 quod
1086 3193 1147 3254 post
1167 3179 1233 3233 elios
1253 3178 1342 3230 Cerdo

296 3260 364 3310 ratio
378 3260 556 3332 appellasset,
567 3263 639 3334 quod
652 3262 794 3316 altissimos
842 3263 950 3328 leudes,
969 3262 1099 3314 diversam
1112 3262 1151 3312 rei
1162 3261 1277 3330 speciem
1293 3259 1344 3310 hs·

295 3336 437 3392 Thessalia
443 3343 689 3414 montes,quuibns
697 3343 794 3416 Othrys
843 3343 917 3417 bet]
931 3343 999 3395 Tum
1019 3340 1132 3414 viryulta
1144 3359 1193 3412 pro
1206 3339 1291 3405 silvis,
1312 3351 1343 3390 ut

295 3430 322 3470 et
331 3421 443 3480 llomole
454 3435 532 3488 sunt,
545 3423 587 3494 (v.
598 3422 632 3476 de
641 3423 693 3476 hoe
704 3424 735 3474 V.
747 3424 794 3496 L.)
843 3424 922 3490 alibi,
937 3442 964 3473 v.
979 3441 1001 3474 e.
1023 3421 1071 3474 Ge.
1084 3423 1125 3486 11,
1143 3421 1209 3482 308,
1226 3419 1342 3471 Lucretii

295 3495 463 3554 inhabitabat
474 3520 538 3573 gens
550 3505 645 3555 feruet
657 3503 793 3566 silvestris,
843 3501 973 3572 exemplo.
987 3501 1058 3554 coni.
1069 3502 1131 3552 Vur.
1144 3501 1216 3552 Leet.

295 3579 456 3635 fabulaesm
467 3582 533 3635 locis
543 3583 706 3635 intrsnubes
717 3582 794 3634 editis
878 3581 930 3650 678
953 3599 1012 3652 sqq.
1037 3580 1076 3632 De
1100 3581 1233 3631 Praeneste
1249 3577 1343 3630 nbula

295 3658 460 3714 habitantem
472 3683 488 3716 u
497 3664 568 3716 nube
581 3664 700 3734 repetiit,
714 3681 795 3733 quum
844 3659 992 3713 domestica
1002 3672 1120 3712 veterum
1131 3660 1291 3711 Latinorum·
1302 3659 1343 3709 ai-

296 3739 371 3791 lxion
384 3760 434 3811 pro
452 3744 557 3795 lunone
571 3755 629 3796 erut
648 3742 793 3813 amplexus.
844 3744 945 3806 fertur,
962 3740 995 3792 de
1010 3739 1149 3791 conditore
1163 3738 1237 3790 urbis
1252 3739 1343 3790 Cacu-

297 3845 331 3854 ·-
340 3817 401 3888 677.
426 3821 525 3874 cedunt
541 3819 656 3894 virpulta
676 3840 712 3873 sc.
732 3839 796 3892 per·
844 3820 885 3888 lo,
897 3838 979 3890 quum
991 3821 1079 3872 iniens
1091 3831 1174 3883 esset,
1186 3820 1213 3870 in
1228 3819 1343 3871 iocose·

297 3900 498 3966 rumpentibus,
512 3914 541 3953 ut
554 3901 587 3953 de
602 3919 668 3972 apro
680 3899 795 3972 Calydo-
844 3913 939 3971 perte,
952 3913 978 3951 et
987 3915 1039 3970 pro
1048 3897 1162 3950 Vulcani
1173 3896 1227 3950 lilio
1239 3897 1342 3948 habito.

296 3977 342 4025 nio
356 3977 434 4029 Ovid.
446 3981 504 4031 Vlll
523 3982 586 4033 Met.
600 3981 652 4047 340
665 3980 798 4032 Stemitur
845 3980 880 4030 cf.
893 3977 965 4030 serv.
977 3991 1003 4030 et
1012 3977 1094 4030 Solin.
1108 3995 1167 4047 cup.
1182 3993 1212 4041 n,
1223 3975 1258 4028 ed
1268 3995 1344 4028 eum·

299 4055 414 4123 impulsu
429 4077 520 4113 nemus
532 4071 559 4111 et
567 4059 692 4130 propulsa
702 4059 797 4129 frepu-
846 4077 898 4128 que
911 4059 1021 4112 Salmas.
1037 4077 1064 4128 p.
1081 4057 1125 4124 46.
1138 4057 1255 4128 petritum
1275 4057 1343 4109 inter
