3028 4682
409 391 412 396 '
450 381 684 447 AENEIDOS
707 383 860 448 LIBER
882 386 945 449 Vl.
1160 396 1223 485 193

178 503 296 570 Silvius
309 506 439 584 AEneas,
453 506 576 594 pariter
587 506 722 594 pietate,
736 505 788 570 vel
800 509 899 572 armis

179 611 352 699 Egregius,
366 612 393 675 si
406 633 552 700 unquam
564 611 765 699 regnandam
776 611 945 700 adceperit
957 615 1082 683 Albam.
1175 653 1220 700 77⁰

179 717 243 798 Qui
252 717 405 807 juvenes,
420 733 557 806 quantas
571 710 749 797 ostentant,
763 716 911 806 adspice,
924 721 1023 786 vires!

178 827 234 902 At,
249 825 306 913 qni
319 824 468 891 umbrata
480 843 598 912 gerunt
610 825 697 890 civili
710 843 859 914 tempora
871 850 1011 916 quercu,

180 929 225 992 Hi
237 928 296 993 tibi
310 932 524 1010 Nomentum,
539 948 572 996 et
583 931 719 1012 Gabios,
734 932 1103 1022 urbemqueFidenam3

182 1037 226 1099 Hi
238 1036 412 1101 Collatinas
425 1039 587 1126 inponent
599 1036 766 1101 montibus
778 1061 884 1118 arces,

182 1220 262 1266 reddet
271 1220 335 1266 Rom.
348 1236 383 1284 pr.
396 1221 481 1267 Moret.
494 1233 517 1267 et
527 1238 562 1282 pr.
579 1221 661 1266 llarnb.
676 1247 707 1257 -
718 1222 770 1286 769.
786 1223 872 1269 Versus
884 1226 908 1268 in
920 1223 993 1271 altero
1005 1227 1132 1278 llenteliia
1147 1249 1182 1294 pr.
1191 1251 1222 1281 m.

182 1291 276 1336 aberat:
287 1302 371 1336 etcum
386 1307 454 1354 supra
467 1309 488 1338 r.
502 1291 547 1348 403
562 1292 624 1337 idem
637 1293 685 1338 lere
695 1306 818 1339 occurrat:
831 1295 911 1340 'Iloius
923 1295 1006 1342 AErseos
1014 1301 1096 1360 pretate
1106 1303 1195 1366 inslpnis
1204 1315 1228 1360 et

182 1365 263 1417 annis,
278 1365 388 1424 suspicari
401 1363 501 1424 aliquem
512 1379 579 1424 posse
588 1366 621 1408 ait
632 1365 709 1408 Burro.
719 1397 726 1419 ,
739 1380 768 1408 sn
778 1363 816 1410 lric
827 1379 905 1411 versus
916 1365 940 1410 lr.
954 1366 970 1412 l.
981 1367 1010 1412 als
1020 1369 1094 1414 aliena
1104 1388 1174 1420 mauu
1184 1391 1226 1420 ac-

183 1435 288 1488 cesserit;
301 1433 394 1480 ettaluo
404 1450 473 1480 seusu
487 1449 539 1479 eum
552 1435 631 1480 abesse
641 1451 716 1496 posse.
728 1435 787 1480 Mihi
798 1435 877 1482 abesse
891 1453 939 1482 non
956 1455 1023 1500 posse
1033 1442 1139 1499 videtum
1153 1461 1226 1506 quor·

182 1516 232 1547 rum
241 1505 301 1548 enirn
311 1503 419 1568 Eqrepr'us
430 1505 559 1550 referatur?
569 1503 606 1548 vel
614 1504 637 1549 h.
648 1503 664 1549 l.
672 1507 847 1567 conjunctivum
855 1520 903 1562 est,
914 1520 939 1552 ut
951 1521 973 1553 et
984 1509 1076 1565 alibi,et
1084 1526 1114 1558 ne
1120 1513 1181 1560 lraus
1186 1516 1226 1562 liat

180 1571 274 1629 lectori,
284 1579 370 1638 pariter
380 1576 494 1621 additum.
506 1577 608 1620 utarmir
618 1575 686 1621 Goth.
699 1592 745 1622 sec.
756 1611 762 1632 ‚
772 1577 813 1623 sed
823 1594 851 1623 ex
861 1577 897 1623 vel
907 1595 968 1640 supe
983 1590 1008 1626 ut
1023 1581 1117 1628 facturn.
1131 1609 1162 1620 -
1172 1601 1225 1648 771.

185 1650 267 1692 raveois
279 1646 365 1694 Medic.
377 1656 489 1694 ostentent
498 1648 558 1694 Ven.
569 1649 688 1694 ostendunt
699 1649 829 1695 Priscianus
840 1664 861 1696 er
869 1646 958 1697 Zalich'.
969 1669 980 1697 a
992 1669 1022 1698 ιιι.
1036 1670 1071 1715 pr.
1081 1656 1229 1722 luter-pungit

181 1716 313 1764 Wakefield
323 1735 328 1763 :
339 1719 385 1776 Qui
387 1719 498 1782 juvenes!
506 1727 604 1782 quantos
613 1744 644 1754 —
653 1720 725 1764 ories!
733 1745 764 1755 —
776 1735 828 1782 772.
846 1721 976 1782 legebatur
986 1723 1061 1787 Atque
1076 1725 1178 1773 umbrato
1185 1745 1228 1792 qe·

181 1787 303 1835 runtcivili
309 1799 407 1853 tempora
416 1805 508 1854 quercu.
519 1791 552 1834 Hi
561 1789 601 1835 tibi
611 1793 641 1836 N.
655 1792 688 1836 lta
699 1790 743 1836 hoc
751 1807 820 1838 versu
827 1791 887 1836 nihil
895 1805 971 1854 potest
979 1781 1147 1857 essejijunius.
1156 1801 1230 1864 Atqui

182 1861 251 1907 Aldd.
262 1879 297 1924 pr.
303 1896 311 1918 ,
321 1874 435 1908 mutatum
451 1865 476 1907 io
493 1865 560 1908 tertia
573 1879 586 1908 a
598 1863 715 1924 Naugerio
729 1865 752 1907 in
763 1863 847 1926 Atque.
859 1863 933 1927 Atqui
939 1866 999 1912 inter
1009 1867 1078 1912 codd.
1092 1869 1156 1931 llep,
1165 1884 1188 1917 et
1196 1874 1229 1918 sic

159 1927 163 1936 ’
181 1930 307 1993 legendnm
318 1944 397 1978 monet
407 1931 495 1997 Febr-ip.
508 1933 542 1978 Ar
551 1935 593 1996 qui
602 1931 699 1978 divulsis
712 1932 806 1996 syllabis
817 1944 872 1978 vett.
889 1933 957 1988 eddi,
969 1950 1026 1997 ques
1038 1936 1099 1982 Pier.
1115 1952 1139 1983 et
1154 1941 1229 1986 Cerda

183 2014 313 2063 sequuntur
326 2017 379 2045 cum
391 2002 419 2044 D.
431 2002 523 2056 lleins,
536 2014 561 2047 ut
569 2004 681 2063 jungatur
691 2017 770 2048 versus
780 2018 833 2048 cum
842 2018 908 2064 seqq.
920 2005 952 2048 At
961 2007 1004 2067 qui
1011 2015 1128 2067 perunt-
1136 2025 1229 2072 quercu,

183 2073 217 2118 Hi
226 2071 271 2116 tibi.
286 2072 406 2117 Prulerarn
420 2072 444 2116 id
455 2071 537 2119 saltem
548 2071 646 2134 vulgatas
665 2074 757 2118 rationi.
771 2089 793 2118 v.
807 2073 873 2118 Nota.
888 2075 975 2120 Omnes
986 2088 1064 2121 tamen
1075 2077 1150 2124 Codd.
1167 2081 1228 2126 Pier.

184 2154 208 2188 ct
220 2143 298 2188 lleins.
309 2143 397 2204 Atque,
409 2142 474 2205 qnod
484 2145 535 2204 pari
547 2143 617 2188 modo
627 2146 710 2206 jejune
721 2143 822 2204 posituro
835 2143 971 2190 offendebat
984 2161 1026 2192 nos
1037 2162 1106 2208 supra
1122 2150 1230 2206 1V,261.

183 2215 257 2258 Porro
262 2217 337 2277 perita
348 2230 382 2275 pr.
392 2229 422 2258 ιιι.
432 2215 518 2260 Medic.
527 2215 697 2278 peruntllioret.
706 2229 751 2259 see.
762 2226 786 2260 et
796 2213 901 2260 Parthas.
913 2223 989 2277 tequnt
997 2217 1071 2277 Bigot.
1080 2243 1109 2254 -
1120 2219 1172 2283 773,
1183 2225 1231 2268 Nu.

184 2295 284 2330 mentum
294 2286 342 2331 duo
352 2285 415 2347 apud
429 2286 520 2342 llum,
536 2301 597 2332 nnus
606 2287 755 2330 Numenium.
770 2286 842 2330 Porro
854 2287 951 2348 primam
962 2288 988 2332 in
997 2289 1094 2344 Frdcnu,
1106 2306 1174 2353 quarn
1188 2309 1231 2340 ex.

183 2357 270 2419 quisite
280 2356 338 2402 dixit
345 2371 388 2418 pro
399 2356 492 2402 Fidenis
499 2373 526 2402 er
536 2357 575 2402 Gr.
587 2351 663 2403 ortivi
669 2388 676 2410 ,
687 2355 806 2418 al'irgilio
816 2358 915 2418 corripi,
926 2371 978 2420 qnae
986 2357 1016 2403 ab
1025 2359 1121 2406 lloretio
1132 2361 1230 2426 aliisque

184 2427 339 2490 producatur,
351 2438 457 2473 notatum
469 2443 482 2472 a
494 2429 654 2474 Grammaticis
671 2437 713 2474 est.
723 2451 755 2463 -
765 2425 818 2489 774.
831 2426 891 2471 Hinc
903 2427 949 2472 Eri.
962 2427 1073 2475 mentrlrus
1089 2430 1158 2477 Goth.
1177 2445 1230 2480 tert.

184 2581 225 2631 nit
236 2577 354 2653 Capyos,
368 2581 441 2653 quod
458 2581 544 2654 Capys
561 2580 684 2632 Assaraci
732 2583 796 2634 vicis
813 2581 852 2635 illi
864 2583 979 2654 insignes
991 2581 1133 2653 prodeunt.
1145 2583 1231 2636 Coro-

183 2663 204 2714 ἒ.
217 2663 304 2714 AEneae
322 2665 410 2716 fuerat
428 2681 500 2714 arus.
520 2664 613 2734 ltaque
629 2661 684 2712 An·
732 2680 793 2714 nans
806 2664 931 2730 civicam,
943 2661 995 2713 lroc
1007 2675 1062 2727 est,
1076 2680 1231 2734 querceanr,

185 2741 270 2795 chises
288 2744 396 2796 refricat
407 2745 435 2795 in
447 2743 499 2795 hoc
511 2755 614 2814 gratam
633 2761 684 2812 pa·
732 2753 850 2814 gestant,
868 2739 924 2792 scil.
948 2741 982 2792 ob
1002 2741 1072 2793 eires
1097 2755 1231 2809 servatos,

184 2823 232 2874 tris
242 2825 283 2874 sui
291 2825 451 2875 memoriam.
462 2823 558 2874 Procas
567 2823 684 2893 Trojanoe
732 2833 759 2873 et
775 2821 808 2874 ds
825 2840 881 2892 rep.
898 2820 967 2872 bene
984 2823 1078 2872 meriti.
1093 2823 1211 2874 umbrata
1220 2844 1229 2882 ,·

183 2900 269 2972 plotio
287 2921 332 2974 φ,
351 2915 381 2953 ut
399 2900 515 2954 Homero
533 2897 601 2966 μίγα
616 2901 684 2956 sia'dos
732 2902 984 2973 preiveratLucret.
995 2901 1033 2965 ΙΙ,
1043 2901 1093 2952 6²8
1104 2902 1231 2973 ninpnnt·

185 2977 415 3049 ’axoris—770.
435 2981 457 3031 si
475 2997 601 3050 uinquam.
627 2979 685 3030 Scr-
732 3000 783 3052 que
801 2997 916 3033 rosarum
928 2977 1047 3030 Floribus
1056 2979 1231 3042 ,umbrantes

185 3061 258 3110 vovit
278 3059 482 3111 illustrationem
502 3076 533 3109 ex
550 3061 684 3128 antiquio—
732 3059 846 3110 Matrem
860 3057 1038 3128 comitumque
1049 3067 1170 3109 catervas.

186 3137 260 3189 ribus
272 3136 376 3188 Servius
385 3159 392 3187 ε
402 3135 508 3206 Recepit
519 3145 606 3185 autem
615 3155 632 3184 a
646 3145 685 3185 tu·
769 3137 924 3207 773-777.
933 3135 974 3187 Ab
982 3135 1049 3187 Alba
1058 3136 1149 3208 Longa
1158 3136 1232 3187 XXX

188 3229 258 3282 tore,
278 3216 327 3288 qui
340 3219 394 3289 ejus
409 3213 505 3266 invasit
521 3213 661 3284 imperium
675 3234 683 3262 .·
733 3215 852 3267 colonias
869 3215 895 3266 in
912 3215 988 3266 Latio
1002 3227 1027 3265 et
1040 3225 1113 3266 extra
1127 3215 1231 3265 Latium

186 3295 258 3369 quod
272 3296 297 3346 ei
314 3295 358 3346 uix
377 3311 448 3345 enno
469 3291 684 3364 quinqueperimo
733 3293 861 3345 deductas
869 3311 926 3345 esse
933 3311 965 3344 ex
972 3293 1098 3365 Dionysio
1108 3294 1230 3344 novimus

186 3375 262 3426 tertio
273 3375 392 3426 restituit.
405 3375 441 3424 Et
452 3369 624 3443 vamplenam
637 3369 685 3422 liis·
733 3371 779 3423 lib.
792 3373 841 3436 ΙΙΙ,
854 3371 902 3438 31,
915 3392 941 3442 p.
958 3389 1018 3442 r7n;
1030 3372 1171 3442 plerasque
1182 3371 1245 3423 sal·.

187 3455 259 3508 sorioe
269 3473 318 3528 per
328 3453 464 3506 transitum
479 3450 683 3523 talpis-771.
733 3463 786 3502 tem
796 3452 871 3501 noris
880 3451 982 3502 colonis
994 3452 1191 3520 frequentatas,
1202 3463 1232 3502 ut
1285 3451 1288 3456 '

186 3544 317 3590 ostentant
337 3535 415 3599 vires,
430 3545 491 3584 sunt
514 3533 563 3582 viri
583 3531 684 3594 fortes,
732 3527 860 3602 Ryclrium
878 3547 988 3600 quoque·
1003 3530 1136 3581 monuisse
1152 3529 1231 3581 rideo

187 3618 251 3668 forti
261 3629 287 3668 et
298 3613 387 3666 valido
400 3630 512 3683 corpore
532 3611 613 3662 animi
632 3611 686 3660 rir-
734 3613 759 3662 in
781 3610 849 3661 Dias.
867 3608 900 3662 de
921 3628 961 3680 pr.
983 3607 1039 3660 ltal.
1059 3609 1108 3659 col.
1123 3629 1148 3680 p.
1162 3609 1229 3677 455,

187 3708 271 3747 tutem
280 3691 432 3765 prodentes.
446 3719 479 3729 -
492 3707 552 3760 772.
564 3689 617 3757 Qui
630 3707 686 3741 ιιιε-
734 3707 813 3760 quern
822 3689 891 3740 ride.
903 3690 957 3740 Lir.
970 3689 981 3737 l
986 3726 994 3752 ‚
1005 3687 1069 3739 aab
1078 3687 1228 3757 eo(l.atino

186 3776 283 3826 morati
293 3772 381 3825 adhnc
391 3772 511 3834 luerunt,
520 3783 596 3822 erant
605 3769 684 3822 rebus
734 3767 835 3840 silvio)
848 3765 958 3820 colonie
976 3766 1080 3836 aliquot
1097 3767 1211 3819 deducte
1218 3805 1228 3834 ,

187 3852 259 3906 bello
271 3854 351 3924 gestis
364 3850 443 3910 clari;
462 3849 507 3919 qni
520 3861 684 3919 sequuntur,
734 3848 819 3900 Prisci
834 3847 924 3898 Latini
941 3843 1077 3918 appellati.
1094 3847 1126 3897 Et
1138 3849 1229 3899 Victor

187 3933 290 3986 artibus
314 3933 412 4003 pacis:
436 3947 494 4000 quae
516 3927 685 3980 declarantur
733 3927 765 3980 0.
778 3927 809 3978 G.
823 3928 852 3978 ll.
866 3945 889 3978 c.
906 3925 1171 3998 rplqiturreqnnnte
1180 3928 1231 3979 la-

187 4031 236 4084 per
257 4009 375 4064 colonias
400 4009 529 4062 deductas
553 4020 579 4060 et
601 4027 683 4061 novas
733 4008 788 4059 tino
809 4006 892 4060 Siluio
910 4003 1018 4058 colonie
1039 4006 1152 4058 deducte
1171 4019 1232 4058 nent

188 4093 267 4146 urbes
280 4091 411 4144 conditus.
422 4091 514 4164 ltaque
525 4090 630 4144 coronis
645 4091 683 4143 ei·
732 4088 874 4153 Praeneste,
901 4085 996 4151 Tibur,
1020 4084 1112 4148 Gabii,
1133 4085 1229 4138 Trucu-

259 4181 283 4235 3,
1023 4171 1053 4226 ι3
