2956 4680
295 447 358 526 aaa
541 439 1084 552 avraoinrrntiaonis

294 569 438 658 Erigitur
449 567 605 656 Liparen,
618 565 822 633 fumantibus
834 565 936 634 ardua
948 571 1050 636 saxis:

293 677 400 758 Quam
412 674 524 738 subter
536 695 652 760 specus
665 689 697 738 et
709 673 890 762 Cyclopum
903 695 997 740 exesa
1010 677 1147 742 caminis

294 784 395 845 Antra
407 783 529 844 AEtnaea
540 795 669 858 tonant,
682 778 848 868 validique
861 779 1036 847 incudibus
1049 783 1132 848 ictus

295 885 406 952 Auditi
418 886 566 950 referunt
577 887 750 973 gemitum,
764 885 972 976 striduntque
984 890 1133 954 cavernis
1303 901 1344 957 ιιι

294 993 457 1059 stricturae
465 992 662 1084 chalybum,
676 1007 710 1056 et
721 992 909 1058 fornacibus
922 994 1005 1082 ignis
1017 993 1168 1084 anhelat;

295 1100 432 1166 Volcani
445 1097 579 1178 domus,
592 1115 625 1161 et
637 1099 794 1163 Volcania
806 1101 940 1163 nomine
952 1099 1059 1166 tellus.

296 1207 369 1271 Hoc
381 1223 459 1271 tnnc
471 1205 658 1294 ignipotens
670 1203 751 1270 caelo
764 1202 936 1270 descendit
946 1203 988 1270 ab
999 1205 1076 1270 alto.

295 1393 347 1438 Non
359 1391 431 1448 male,
443 1393 488 1438 nisi
497 1391 635 1438 haberemus
645 1389 750 1452 exempla
759 1405 810 1453 sup.
821 1391 866 1446 111,
876 1390 930 1452 692.
940 1391 962 1446 l,
976 1390 1126 1453 esp-417.
1134 1391 1247 1454 Liparen
1257 1389 1344 1452 aliquot

295 1465 373 1510 burm.
384 1465 466 1526 Liparo
474 1463 621 1525 Romatqne
633 1463 665 1507 ita
674 1477 790 1523 reponere
800 1461 874 1508 voluit
885 1460 1036 1507 hlarllandus
1049 1479 1086 1524 sp.
1099 1463 1181 1508 Burm.
1194 1461 1227 1508 ad
1239 1462 1342 1522 Propera

295 1551 319 1597 p.
332 1533 386 1580 612.
404 1536 458 1596 quia
472 1531 534 1594 apud
549 1530 606 1577 alios
619 1533 701 1594 Lipare
713 1532 830 1580 oilicinam
844 1530 944 1577 Vulcani
957 1530 1035 1578 habet.
1049 1533 1078 1577 At
1091 1549 1113 1579 r.
1124 1533 1224 1580 Natam.
1243 1555 1276 1568 -
1290 1527 1340 1585 did·

295 1605 375 1652 subtus
386 1604 476 1668 aliquot
488 1605 547 1649 Pier.
561 1617 630 1648 exosa
644 1601 712 1648 Goth.
726 1619 771 1649 sec.
784 1605 821 1649 lo.
834 1601 956 1648 Schrader.
970 1602 1107 1650 emendabat
1117 1614 1223 1651 exuam
1238 1615 1266 1649 ut
1276 1597 1342 1646 ont.

295 1675 335 1719 lV.
347 1676 406 1719 Fast.
418 1673 472 1734 473.
484 1673 531 1717 Gur
540 1685 618 1717 tamen
630 1673 697 1734 epico
708 1687 756 1718 non
766 1669 865 1719 alterum
875 1671 953 1717 dicere
962 1669 1043 1717 licuit?
1052 1673 1117 1736 quod
1127 1683 1149 1720 et
1161 1673 1238 1720 Silius
1246 1668 1340 1717 maluit:

296 1745 357 1799 xlv,
369 1745 398 1804 57
412 1757 478 1788 exeso
492 1743 519 1786 de
532 1745 613 1786 vertice
625 1743 705 1804 aitque
719 1742 767 1788 alii.
781 1740 879 1803 -419,
893 1741 975 1787 AEtrr'e.
990 1739 1103 1799 Ethooea,
1118 1743 1254 1806 depravata
1266 1745 1341 1788 som!

295 1813 363 1859 multi
377 1829 414 1874 ap.
428 1814 505 1858 Burni.
518 1827 571 1856 eum
583 1811 651 1856 Goth.
668 1805 720 1856 tert.
732 1811 856 1876 validasque
870 1825 916 1859 tres
928 1815 1069 1861 recentiores
1078 1813 1175 1861 ibidem.
1193 1816 1246 1860 iens
1260 1809 1341 1857 Grada

296 1897 327 1928 ιιι.
338 1898 373 1944 pr.
384 1905 416 1916 -
424 1881 477 1937 dno.
487 1883 582 1944 qemitus
591 1881 677 1927 Medic.
691 1897 745 1926 cum
759 1882 810 1928 aliia
824 1883 903 1929 llcins.
916 1887 1011 1948 qemitus
1021 1885 1121 1948 referant
1130 1885 1200 1930 Leid-
1213 1901 1234 1930 r.
1248 1881 1339 1928 sonions

296 1951 401 1998 Parthas.
411 1952 528 2016 stridentq.
540 1950 625 1998 Medic.
636 1953 756 2017 (tridentq.
770 1955 904 2017 superpicta
917 1955 948 2012 ιι)
960 1966 983 2000 et
996 1953 1087 2001 l'ratial.
1099 1969 1152 2001 cum
1165 1953 1241 2000 Goth.
1256 1967 1301 1997 sec·
1312 1969 1340 1982 -·

296 2021 350 2078 dar.
361 2021 498 2077 Structuroe,
514 2024 591 2066 stricto
603 2037 639 2078 re,
656 2033 737 2085 stupor
749 2021 896 2069 librariorum
911 2023 981 2070 Goth.
995 2039 1041 2072 sec.
1056 2038 1079 2072 et
1093 2035 1146 2071 tert.
1157 2049 1192 2060 -
1204 2021 1260 2080 423.
1276 2019 1324 2064 1!oe
1331 2029 1339 2058 ·'

296 2105 372 2148 recte,
392 2097 487 2158 antique
505 2109 549 2158 pro
565 2092 620 2151 hue,
638 2096 703 2160 quod
720 2094 828 2142 nonnulli
844 2095 938 2168 habept.
954 2097 1008 2143 vid.
1022 2097 1083 2144 Pier.
1099 2097 1179 2143 Heins-
1195 2097 1337 2152 burm-1³⁰⁵!

296 2168 414 2224 Servium
427 2181 480 2212 nam
496 2167 523 2216 ia
538 2165 622 2214 talibus
637 2165 764 2218 liberalitas
777 2170 880 2215 virorum
896 2167 1019 2228 doctorum
1035 2184 1117 2233 magna
1132 2167 1278 2230 plerumque
1293 2175 1337 2208 east

297 2236 365 2284 solet.
1081 2237 1084 2242 '

296 2396 335 2451 lat
355 2401 490 2452 communi
509 2402 632 2464 nomine,
657 2413 793 2472 tamqnam
842 2399 890 2454 sed
907 2419 968 2453 cum
988 2401 1126 2453 notatione
1143 2399 1286 2452 montium.
1304 2414 1336 2428 ·-·
1439 2419 1441 2444 l

298 2479 438 2553 singulari,
448 2482 549 2550 Liparae
557 2482 713 2550 proximam,
722 2499 795 2532 mon·
841 2479 902 2548 419.
915 2489 993 2531 aava
1000 2481 1105 2531 AEtnoea
1112 2477 1204 2548 simpl.
1215 2491 1266 2547 pro
1275 2466 1336 2540 ψ·

298 2575 323 2613 te
336 2560 497 2625 mirabilem,
510 2561 556 2628 qni
567 2571 712 2610 nocturnas
722 2560 795 2612 flam·
841 2560 935 2622 vomis,
942 2560 1001 2628 quis
1010 2557 1121 2620 dubitet,
1130 2576 1147 2609 a
1155 2548 1334 2608 similitudine·

297 2657 353 2691 mas
370 2639 475 2690 evomit.
490 2655 516 2687 v.
530 2637 631 2689 ductor
644 2639 725 2690 AEtnaa
742 2639 794 2705 436
841 2636 1011 2704 Alienasunt,
1023 2655 1080 2708 que
1093 2637 1127 2688 dc
1139 2637 1224 2690 antris
1237 2629 1333 2684 subter·

297 2738 337 2788 sq.
355 2730 381 2770 et
394 2718 480 2788 primo
496 2715 557 2767 loeo
574 2715 699 2789 scymnus
711 2718 793 2771 Chius
842 2719 1119 2770 nncisinterAEtnam
1129 2717 1271 2768 etliieram
1279 2721 1334 2792 coo·

299 2798 349 2851 256
368 2814 425 2868 sqq.
443 2795 525 2868 Egere
542 2793 575 2847 de
592 2815 623 2847 ea
642 2796 717 2848 multi
732 2811 794 2868 post
842 2797 950 2848 tirannis
973 2797 1101 2866 suspicati
1123 2805 1184 2845 sunt
1208 2782 1331 2846 nonnuli!-

296 2876 458 2928 Clnvcrium.
477 2877 510 2926 cf.
529 2874 638 2926 Durrill.
658 2875 746 2929 Sicula
765 2897 791 2948 p.
841 2875 978 2945 Ejusmodi
986 2879 1331 2946 acumenpoetanostern⁰¹¹

298 2973 340 3009 ιο.
353 2973 382 3008 ar
396 2957 485 3024 etjam
495 2967 557 3006 ante
570 2954 604 3006 ad
615 2953 751 3007 Chariton.
763 2977 789 3028 p.
840 2957 968 3026 seqnitur.
979 2985 1014 2996 -
1025 2955 1084 3022 420.
1099 2955 1130 3022 da
1139 2971 1159 3007 ι.
1171 2953 1267 3008 Ornati
1277 2961 1332 2997 ver·

297 3037 367 3088 688:
385 3048 475 3086 nostra
492 3047 568 3086 etate
585 3035 653 3086 inter
669 3034 735 3087 alios
748 3055 793 3088 re·
842 3053 903 3101 sus,
915 3037 984 3088 forte
1001 3037 1078 3086 nimis
1095 3035 1245 3086 ambitiose.
1261 3028 1331 3081 Com·

298 3135 356 3168 rum
375 3128 476 3168 naturae
500 3127 620 3168 auctores
642 3115 791 3168 Dolornieu.
842 3117 930 3187 parari
951 3128 1039 3187 potest
1061 3113 1163 3166 Gallim.
1187 3115 1246 3166 Del.
1273 3104 1330 3172 illi

297 3196 430 3267 liparam,
439 3213 496 3266 quae
506 3197 597 3265 etipsa
605 3195 669 3246 olim
679 3199 743 3248 arsit
752 3197 792 3267 (v.
844 3194 912 3248 adde
924 3195 1001 3247 Dian.
1013 3192 1055 3248 55.
1069 3189 1329 3265 referuntqemituml

297 3273 389 3327 laudd.
400 3273 518 3324 adduct.
527 3273 623 3326 Mirab.
634 3274 703 3325 And.
713 3295 736 3327 c.
746 3276 792 3339 35;
844 3277 940 3327 iterant
947 3293 1051 3339 sonum,
1060 3273 1087 3325 h.
1098 3285 1224 3326 resonant
1234 3286 1280 3344 per
1290 3279 1330 3316 an·

298 3355 360 3407 add.
374 3374 396 3407 c.
413 3354 479 3424 37),
494 3353 670 3406 Callimachus
680 3355 794 3409 Vulcani
842 3369 885 3409 tra
894 3359 961 3408 ictus
975 3355 1108 3408 incudum.
1121 3355 1260 3416 strictum,
1271 3359 1330 3418 q1¹³⁵

298 3435 431 3486 cilicinam
444 3431 563 3485 ediderat
577 3434 654 3485 Dian.
670 3435 704 3502 46
718 3455 795 3506 sqq,
844 3448 937 3487 ornate
957 3433 1099 3506 chalybum
1118 3433 1184 3485 dixit
1199 3434 1238 3504 (v.
1251 3428 1294 3482 Ge.
1306 3423 1328 3481 la

297 3512 522 3584 ubiv.Spanhem.
531 3550 539 3577 ,
549 3515 636 3565 etsive
645 3513 727 3580 hanc,
736 3518 791 3569 sive
841 3515 909 3586 ⁵8),
921 3533 975 3567 non
990 3528 1051 3566 sont
1061 3513 1088 3566 h.
1106 3513 1124 3566 l.
1140 3513 1275 3580 nardius,
1286 3519 1329 3556 Μ

297 3595 404 3646 llierarn
417 3593 466 3644 snb
479 3589 543 3644 risio
554 3595 676 3658 raaymir
685 3597 792 3647 nomine
842 3579 1328 3666 qnaepropriemetalladicunturpmd‘

298 3674 422 3744 Apollon.
432 3672 591 3738 lll,da,ubi
602 3673 795 3726 v.Sch01.vut-
843 3695 876 3728 res
890 3675 1061 3746 excoquitur,
1078 3673 1126 3726 sed
1134 3670 1230 3740 μῦὴοι,
1246 3679 1328 3723 masso

298 3769 393 3803 canum
407 3753 554 3823 Liparreum
568 3751 680 3805 Theocr.
698 3753 736 3807 ld.
753 3755 793 3817 ll,
843 3757 922 3820 ferri,
936 3773 993 3826 qua·
1007 3753 1200 3825 procuduntur.
1219 3751 1264 3804 inf.
1281 3741 1327 3811 450

302 3827 358 3879 133.
372 3830 668 3902 134dixitzhicquidem
677 3835 795 3885 omnium
843 3835 976 3888 stridentia
987 3851 1039 3885 cra
1051 3851 1110 3904 qua·
1123 3833 1170 3884 alii
1183 3832 1282 3904 tinquot
1294 3819 1328 3870 la-

299 3914 532 3980 opportunissime,
539 3926 675 3984 tamquam
682 3914 793 3966 Siculus.
844 3933 892 3978 ca,
905 3926 931 3968 ct
943 3912 994 3981 453
1005 3931 1095 3965 massa.
1105 3911 1182 3964 Curii.
1195 3899 1327 3961 Schneider

298 3990 370 4039 noni.
383 3990 489 4042 Excurs.
507 3992 517 4041 l
535 3991 567 4045 ad
583 3991 640 4045 AEn.
653 3996 676 4060 l,
692 3993 732 4046 51.
752 3995 794 4048 52.
845 3995 880 4050 ad
890 3995 983 4047 histor.
995 3993 1125 4046 metallor.
1139 4012 1166 4064 p.
1179 3993 1221 4046 32.
1237 3989 1293 4042 Mol
1303 3996 1325 4028 '-

298 4064 423 4139 eripitur,
436 4083 465 4121 ut
477 4071 554 4136 alias,
568 4075 659 4146 saepit,
678 4075 729 4126 sita
742 4087 794 4143 est,
845 4075 896 4142 423
907 4074 954 4128 hoc
966 4077 1073 4148 antique
1085 4091 1134 4146 pro
1150 4071 1209 4123 huc.
