2996 4694
454 416 689 482 AENEIDOS
712 417 866 483 LIBER
890 418 929 484 V.
1173 421 1213 486 33

170 539 357 626 Sergestum
369 541 486 605 AEneas
498 541 660 629 promisso
671 564 809 606 munere
823 540 938 622 donat,

171 644 337 711 Servatam
350 645 393 710 oh
405 670 523 711 navem
536 648 627 713 laetus
640 650 814 737 sociosque
827 649 1000 715 reductos:

170 751 237 816 Olli
249 774 341 816 serva
354 751 463 832 datur,
477 776 616 841 operum
629 753 718 818 haud
731 755 842 842 ignara
855 756 1028 834 Minervae,

171 859 286 922 Cressa
298 881 400 946 genus
414 859 552 939 Pholoe,
566 859 755 948 geminique
768 859 829 925 sub
842 860 945 925 ubere
957 862 1034 924 nati.
1174 875 1215 921 285

217 965 290 1029 Hoc
302 966 375 1052 pius
388 968 504 1030 AEneas
516 967 617 1030 misso
631 966 810 1029 certamine
823 965 930 1029 tendit

173 1070 388 1134 Gramineum
401 1073 434 1134 in
447 1093 616 1158 campum,
633 1091 733 1158 quem
746 1069 885 1134 collibus
899 1069 1047 1160 undique
1059 1075 1167 1137 curvis

173 1176 357 1263 Cingebant
368 1178 473 1257 silvae3
486 1177 662 1266 mediaque
675 1179 709 1240 in
722 1177 805 1241 valle
818 1177 937 1242 theatri

174 1283 289 1347 Circus
302 1298 384 1363 erat,
399 1305 467 1370 quo
479 1305 514 1346 se
525 1283 637 1347 multis
650 1305 727 1348 cum
739 1282 884 1347 millibus
897 1282 994 1348 heros

174 1389 339 1452 Consessu
352 1386 498 1451 medium
511 1387 598 1467 tulit,
613 1405 846 1476 exstructoque
858 1387 989 1453 resedit.
1176 1419 1219 1466 ²90

176 1495 253 1573 Hic,
268 1495 324 1583 qui
337 1493 422 1556 forte
435 1493 538 1558 velint
550 1492 666 1582 rapido
679 1493 882 1558 contendere
894 1517 1006 1573 cursu,

176 1601 296 1664 Invitat
306 1599 420 1689 pretiis
432 1600 573 1680 animos,
588 1617 620 1664 et
632 1601 766 1689 praemia
779 1601 884 1690 ponit.

174 1768 257 1816 borum
270 1769 398 1816 secundum
408 1772 469 1816 Pier.
480 1782 504 1817 et
513 1771 592 1818 Heins.
603 1769 672 1816 codd.
683 1772 728 1818 Alii
740 1770 813 1836 pieriis
825 1787 844 1816 s.
855 1787 876 1816 0.
888 1768 950 1816 velis.
963 1771 1022 1817 Ven.
1034 1768 1089 1816 velis
1098 1771 1157 1818 sulit
1165 1777 1222 1820 ostia

174 1849 268 1902 ponus,
278 1856 306 1886 22
318 1840 399 1902 910222.
406 1842 456 1886 Jac.
467 1842 552 1905 bryaut
562 1857 653 1889 versum
664 1841 768 1889 deletum
779 1841 858 1896 malit;
866 1857 919 1887 nam
928 1843 1012 1904 partim
1021 1856 1151 1904 repugnare
1160 1843 1223 1888 dicta

175 1910 343 1972 superioribus,
353 1913 437 1974 partim
446 1910 496 1956 velo
507 1910 561 1957 veiis
571 1927 653 1974 parum
663 1912 765 1974 placere,
774 1915 857 1974 partim
865 1911 969 1974 jugulari
979 1914 1176 1974 comparationem
1185 1930 1224 1976 ap-

176 1983 285 2042 positam.
295 1984 354 2027 Sane
364 1982 412 2028 hate
421 2001 444 2029 v.
456 1983 500 2028 abo
508 1985 555 2045 jam
569 1996 618 2028 erat
628 1982 732 2030 absoluta
741 2003 748 2040 ;
759 1986 851 2030 stratio
862 1997 911 2029 erat
923 1983 1057 2040 reddenda,
1069 2001 1116 2047 qua
1128 1998 1177 2031 arte
1186 1985 1225 2031 uel

177 2053 283 2108 fortuna,
294 2053 391 2101 detersit
407 2057 490 2109 remis,
502 2067 580 2100 tamen
591 2057 617 2099 in
627 2069 720 2117 portum
730 2071 754 2102 se
767 2058 871 2118 recipere
882 2058 984 2118 potuerit
996 2057 1112 2116 navigium
1121 2073 1128 2113 ς
1137 2057 1226 2103 lactum

177 2124 203 2170 id
213 2139 261 2170 esse
273 2136 343 2170 vento
356 2125 453 2170 suborto
462 2125 577 2181 secundo,
590 2142 660 2188 quem
675 2126 732 2173 velis
746 2139 894 2189 exceperant.
905 2125 1040 2172 Videndum
1052 2139 1098 2182 est,
1113 2142 1142 2172 an
1152 2131 1177 2172 in
1188 2128 1225 2174 his

179 2193 320 2256 211922ἰά212,
330 2195 395 2256 quod
409 2197 444 2240 rei
461 2197 559 2240 nauticae
570 2195 635 2241 haud
645 2199 700 2242 satis
715 2199 846 2242 conveniat.
860 2221 892 2230 -
904 2195 955 2240 282.
972 2198 1079 2256 pemtisso
1095 2197 1185 2258 Huqen.
1200 2213 1225 2258 9.

179 2261 249 2308 donat
260 2261 341 2308 honore
348 2263 446 2308 Dorrill.
453 2289 484 2298 -
493 2263 544 2310 283.
554 2268 629 2308 navim
639 2264 729 2327 aliquot
739 2266 801 2310 Pier.
815 2277 837 2310 et
847 2280 884 2327 92.
894 2264 980 2308 Mores.
990 2277 1043 2308 curn
1052 2263 1099 2308 Erf.
1108 2297 1116 2320 ,
1125 2264 1167 2310 sed
1177 2264 1226 2311 rid.

179 2335 240 2379 l‘ier.
250 2348 269 2378 s.
282 2349 326 2396 9222
336 2341 434 2396 receptos
445 2335 534 2396 sprot,
544 2347 569 2380 ut
580 2334 620 2379 lib.
634 2336 659 2390 l,
673 2335 724 2380 583.
736 2357 767 2368 —
777 2331 828 2388 abd.
841 2349 859 2378 s.
869 2347 963 2396 operum
973 2331 1106 2378 destruant
1116 2332 1226 2380 nonnulli

178 2407 253 2460 Hier,
273 2421 300 2451 ex
311 2405 493 2467 interpolatione
509 2407 618 2461 indocta,
637 2408 705 2452 metri
725 2419 811 2452 caussa.
821 2406 913 2450 -285,
929 2402 1025 2449 Thressa
1041 2403 1119 2450 Schol.
1136 2406 1227 2451 Horatii

179 2478 268 2539 Cruqu.
278 2477 307 2523 ad
317 2478 348 2521 111
358 2477 403 2522 Od.
414 2493 441 2538 9,
451 2477 516 2540 quod
526 2477 632 2524 defendit
641 2481 801 2532 Burmannus,
810 2475 923 2530 hactenus
932 2491 979 2520 non
990 2474 1049 2522 22212
1058 2511 1064 2530 ,
1074 2476 1139 2539 quod
1148 2477 1225 2524 'lbra-

179 2550 222 2594 212
237 2550 374 2594 commercia
387 2563 440 2593 cum
449 2549 556 2610 Trojam'a
568 2550 728 2594 intercessere.
739 2549 768 2594 At
786 2550 810 2592 in
825 2546 912 2593 Pholoe
925 2558 1051 2608 2292222222.
1063 2546 1186 2593 Enimvero
1198 2563 1227 2593 ex

179 2617 230 2663 Lib.
240 2619 287 2673 ill,
301 2619 339 2664 131
352 2633 402 2682 sqq.
413 2617 482 2665 facile
492 2621 637 2675 memineris,
649 2620 763 2682 Trojanos
771 2621 797 2664 in
808 2618 876 2664 Creta
887 2614 963 2662 insula
975 2614 1028 2678 plus
1038 2631 1109 2678 quam
1121 2631 1227 2662 annuum

177 2691 276 2752 spatium
287 2690 402 2750 exegisse,
412 2705 459 2734 nou
470 2691 546 2735 minus
555 2691 626 2752 igitur
638 2691 719 2736 Cressa
727 2689 806 2735 locum
815 2688 886 2734 babet
895 2703 900 2733 :
909 2701 1023 2750 quorsum
1033 2689 1103 2748 igitur
1110 2699 1226 2734 mutamus

177 2760 243 2824 qnod
257 2762 370 2807 rationem
382 2759 467 2806 habet?
478 2761 546 2807 Oresa
555 2761 664 2807 scribitur
676 2775 699 2808 et
708 2760 732 2806 h.
744 2759 759 2805 1.
770 2761 958 2821 metatique,
971 2769 997 2802 ut
1007 2755 1061 2801 alibi
1073 2757 1174 2814 dietum
1191 2773 1227 2805 est

179 2845 256 2880 tamen
266 2834 334 2878 etiam
344 2827 442 2893 xpim.
457 2833 499 2878 sub
510 2833 579 2879 alteru
590 2835 656 2880 Hom.
668 2846 691 2880 et
704 2832 780 2888 Gud,
797 2835 874 2878 minus
885 2831 947 2876 hene
958 2845 963 2874 :
974 2831 1016 2874 etsi
1032 2830 1087 2874 ferri
1099 2841 1184 2892 potest.
1194 2855 1227 2867 -·

178 2919 230 2965 290.
241 2905 377 2959 comestam
390 2919 508 2961 2022222222,
520 2921 642 2960 conseruit,
654 2906 763 2952 aberrant
778 2902 888 2951 nonnulli
901 2902 941 2948 hic
955 2913 978 2947 et
992 2901 1157 2958 1221234022
1170 2904 1225 2966 577.

178 2977 202 3018 itt
211 2974 306 3018 medium
320 2971 369 3018 duo
380 2976 458 3020 Burin.
467 3001 499 3010 -
509 2991 561 3037 292.
573 2977 625 3021 Huc
634 2993 669 3039 pr.
681 2977 765 3022 Horet.
777 2991 789 3020 2
802 2991 832 3020 sn.
842 2989 904 3029 see,
917 2985 941 3019 et
950 2972 1001 3016 Hac
1014 2972 1103 3034 11229222.
1119 2973 1201 3019 itidem
1212 2990 1226 3019 a

180 3061 212 3089 m.
222 3060 266 3090 sec.
279 3043 377 3092 veiited.
385 3047 444 3092 Ven.
452 3073 483 3082 -
491 3063 544 3107 292.
554 3057 642 3111 portum
650 3048 719 3094 Goth.
729 3065 765 3110 92.
774 3049 844 3093 Putes
855 3046 944 3092 leniora
954 3045 1024 3090 luisse
1035 3061 1040 3088 :
1052 3047 1226 3106 inuitatprets't's,

179 3119 260 3160 22212212
271 3124 293 3160 21
300 3120 392 3178 promtis
401 3121 469 3180 ponit.
481 3119 526 3164 Sed
536 3123 560 3165 in
573 3119 667 3182 22219220
675 3123 749 3166 oratio
761 3119 832 3166 babet
843 3120 978 3182 gravitatem
996 3117 1102 3178 epicam:
1114 3120 1156 3180 qui
1162 3115 1226 3180 finis

180 3184 261 3241 velint,
273 3187 292 3231 si
302 3187 358 3248 qui,
371 3189 449 3232 invitat
459 3192 537 3252 pretit's
547 3207 598 3245 eos,
608 3207 651 3252 pro
661 3190 705 3237 hoc
715 3208 721 3236 2
731 3194 820 3238 animos
830 3206 924 3248 eorum,
937 3201 960 3235 et
970 3188 1033 3234 nude
1043 3203 1106 3234 nunc
1114 3223 1121 3246 ,
1130 3191 1226 3238 22212202.

181 3319 245 3372 ostia
264 3317 290 3370 h.
308 3317 326 3370 l.
349 3331 450 3389 portus.
467 3322 608 3391 promisso,
622 3322 681 3374 vul-
728 3323 852 3389 dimisso,
869 3323 961 3375 linito:
983 3324 1091 3394 proprie
1111 3321 1227 3373 dimissis

180 3417 244 3469 gare
261 3399 354 3450 fuisset
366 3409 475 3470 sperato.
489 3417 597 3469 operum
609 3399 682 3453 baud
729 3403 899 3455 certantibus.
919 3404 953 3456 ef.
971 3405 1018 3453 ini.
1035 3399 1095 3466 ⁵45.
1112 3396 1184 3450 silum
1200 3402 1228 3451 in

181 3477 273 3548 ignara
286 3495 354 3549 22292
367 3497 410 3548 29.
428 3481 505 3530 Hom.
519 3479 565 3548 ἔργ’
580 3479 680 3548 silvias,
729 3479 842 3532 collibus
856 3483 947 3550 —qui
975 3480 1055 3530 iidem
1082 3476 1226 3539 theatrum,-

181 3557 215 3610 de
232 3557 347 3610 lanificio
364 3573 520 3626 ostentata,
534 3575 563 3613 ut
577 3574 678 3614 notum.
728 3558 800 3611 unde
822 3560 892 3610 infra
912 3577 937 3610 2.
962 3557 1014 3623 illo
1032 3573 1116 3607 cauea.
1142 3557 1228 3610 circus

220 3637 271 3690 286
282 3665 317 3676 -
329 3655 387 3708 290.
406 3641 503 3693 Totum
515 3641 568 3694 hoc
587 3660 679 3694 cursus
728 3641 755 3693 h.
769 3640 786 3692 1.
800 3659 850 3711 920
861 3638 957 3691 stadio.
970 3657 996 3690 se
1009 3635 1071 3688 tulit
1080 3649 1228 3692 etconsessu

181 3729 317 3770 certamen
327 3737 358 3770 ex
368 3720 482 3773 Homero
492 3723 679 3776 adumbratum
729 3731 856 3773 exstructo
871 3718 968 3770 resedit.
980 3727 1010 3769 ut
1019 3733 1089 3787 supr.
1101 3737 1125 3768 v.
1139 3719 1172 3786 44
1186 3728 1227 3769 tu·

182 3797 202 3848 l.
224 3817 247 3850 c.
264 3797 340 3849 Iliad.
354 3799 387 3863 «l,
402 3801 452 3868 74⁰
470 3820 544 3873 sqq,
563 3803 610 3856 sed
629 3818 680 3856 222-
728 3799 798 3852 mult'
811 3818 843 3852 22
858 3817 959 3871 appetu.
974 3798 1016 3850 Sic
1032 3793 1096 3862 219212
1110 3799 1226 3850 Homero

183 3875 266 3926 ducta
288 3879 315 3928 in
327 3877 394 3929 illud
404 3877 457 3932 2112
463 3899 494 3932 ex
502 3881 609 3953 reliquis
618 3902 680 3956 290-
729 3881 762 3934 de
775 3883 952 3952 spectantium
964 3877 1033 3930 loco.
1044 3879 1129 3950 pretia
1144 3878 1227 3950 expli-

182 3955 273 4008 rtibus.
291 3955 391 4008 Locum
409 3960 555 4028 spectaculi
579 3973 680 4014 tantum
727 3973 825 4014 cantur
836 3979 884 4031 per
893 3959 1001 4030 proemt'a
1012 3979 1020 4008 .·
1033 3975 1088 4022 222,
1100 3976 1157 4028 quse
1167 3975 1228 4028 pre-

185 4051 239 4084 non
249 4038 386 4106 exscripsit
398 4055 430 4089 cx
440 4050 532 4090 nostro
541 4039 637 4092 Statius
644 4043 679 4092 Vl
730 4045 767 4094 tio
777 4041 923 4106 habentur,
933 4053 958 4092 et
971 4057 1041 4091 nunc
1053 4057 1102 4110 pro
1114 4040 1227 4108 praemiis

183 4113 269 4166 Theb.
287 4115 336 4167 225
353 4133 410 4188 299.
431 4117 505 4172 misto
523 4121 679 4185 certamine,
731 4133 909 4192 apponuntur.
920 4119 1227 4186 222122202202222229221---Ι

261 4203 285 4256 3.
428 4221 431 4228 ’
1035 4205 1051 4256 3
