3028 4682
268 333 331 398 236
604 327 870 396 EXCURSUS
893 329 966 396 Xl'

268 434 427 508 suppeditet.
434 438 542 488 Paetum
548 434 802 507 adphautasmahoc
808 434 941 490 adducere
949 437 1046 509 potuit,
1052 438 1092 491 vel
1098 439 1311 513 unusEuripi‘dis

266 515 341 567 locus
349 518 377 566 iu
386 514 483 568 Troed.
497 514 547 580 542
561 514 595 566 atl
605 513 664 580 5⁵4.
678 515 817 568 Enimvero
828 529 867 568 est
880 515 933 570 alia
945 518 1095 570 observatio
1106 557 1114 582 ,
1124 539 1204 589 quam
1214 521 1308 590 adjun-

267 613 328 664 gam
340 594 516 648 adinventum
524 597 642 646 hlurouis
650 608 724 648 tanto
732 597 825 647 melius
837 597 1060 668 perspiciendum.
1068 600 1240 671 Tragicorum
1249 619 1307 653 mos

267 673 329 737 fuit,
340 676 483 726 tumetium
496 674 608 726 aliorum
620 687 770 746 poetarum,
780 675 872 728 utendi
883 677 1115 748 orgiisBacchicis,
1127 679 1309 750 adcxsequen·

268 751 317 804 des
327 771 368 806 ros
381 755 487 807 occulta
498 753 593 808 fraude
604 755 779 826 peragendas.
789 756 831 808 Sic
839 757 913 828 apud
922 757 1077 828 Euripidem
1085 761 1112 810 iu
1125 761 1239 831 Antiope
1249 761 1310 810 Dir-

269 851 314 899 ce,
327 833 541 888 discursitatione
553 855 601 906 per
612 835 692 887 silves
704 838 773 888 inter
785 838 876 908 orgis,
888 841 974 908 potita
985 849 1041 890 erat
1053 841 1170 910 Antiopa
1187 837 1258 909 (qua
1274 838 1310 891 de

269 932 298 966 re
313 913 449 986 disputata
469 916 528 968 vide
541 915 576 968 ad
598 918 701 988 signum
717 918 800 968 Tauri
816 918 935 968 Fernesii
954 918 1027 988 quod
1047 933 1144 971 vocant
1165 919 1309 990 Antiquam

269 992 395 1063 Aufsiitze
405 997 428 1046 ll
440 995 475 1048 St.
489 1017 515 1068 p.
530 996 581 1048 206
598 1013 672 1067 seqq.
685 999 704 1060 ).
716 995 759 1048 Sic
771 998 799 1047 in
811 998 858 1048 luo
877 997 1011 1069 Euripidis
1031 997 1169 1062 Athamas,
1190 999 1313 1068 superin-

271 1070 352 1124 ducta
365 1073 447 1126 altere
460 1092 540 1128 uxore
552 1074 736 1140 Themisteue,
749 1077 868 1128 resciscit
879 1077 990 1128 Inonem
1006 1076 1035 1126 iu
1047 1077 1176 1128 Parnasso
1195 1075 1313 1127 baccha-

271 1153 339 1203 tioni
350 1153 492 1220 interesse,
504 1167 530 1208 et
542 1173 574 1206 ea
584 1157 622 1207 sic
634 1153 861 1226 deprehenditur:
875 1157 909 1206 cl.
921 1157 1015 1226 Hygia.
1029 1155 1047 1204 f.
1062 1155 1087 1220 4.
1100 1155 1185 1207 Etiam
1194 1157 1221 1205 in
1232 1153 1315 1204 Atha·

271 1245 361 1284 mente
374 1247 399 1284 et
409 1231 504 1284 Phrixo
517 1232 666 1305 Sophoclis,
679 1235 753 1306 orgia
762 1233 859 1285 Bacchi
872 1233 1033 1286 adiutorem
1045 1233 1216 1302 injiciendum
1229 1235 1313 1284 luisse

272 1309 392 1364 adhibita
404 1312 561 1385 intelligitur
573 1332 604 1364 ex
614 1315 646 1364 iis
660 1332 717 1384 quae
727 1313 799 1385 apud
812 1315 905 1386 Hygia.
914 1326 942 1365 et
953 1313 1020 1365 alios
1030 1313 1161 1384 leguntur,
1175 1313 1235 1363 Fuit
1247 1329 1315 1382 quo·

272 1410 325 1463 que
339 1394 440 1445 llelcna
454 1412 469 1444 a
481 1393 575 1446 Paride
590 1396 660 1446 iuter
676 1396 751 1466 orgia
764 1394 894 1446 Bacchica
906 1407 997 1467 rapta,
1011 1393 1082 1464 apud
1092 1393 1223 1464 Lycophr.
1248 1393 1313 1456 106,

272 1471 320 1523 ubi
331 1491 355 1523 v.
369 1471 456 1524 Schol.
468 1472 502 1526 ed
514 1474 557 1540 93.
568 1474 655 1528 Etiam
664 1475 692 1525 iu
703 1474 816 1534 fabulis,
827 1491 884 1544 qum
893 1470 991 1538 Λίμναι
1003 1475 1135 1544 iuscripta
1145 1485 1234 1536 eraut,
1245 1490 1315 1543 qua-

273 1551 305 1602 lis
318 1550 457 1622 Sophoclis
467 1553 687 1618 fuit,Thoantem
699 1566 803 1624 patrem
815 1553 959 1626 Hypsipyle
971 1557 1040 1606 iuter
1050 1555 1125 1626 orgia
1134 1553 1230 1606 Bacchi
1241 1555 1316 1603 inco·

274 1628 372 1681 lumem
385 1630 549 1684 abduxerat:
562 1646 654 1684 narret
666 1652 722 1684 rem
735 1645 828 1685 ornate
843 1632 931 1685 Valer.
948 1633 987 1684 Fl.
1001 1633 1026 1699 l,
1042 1633 1093 1698 264
1106 1651 1164 1703 sqq.
1180 1631 1212 1682 Et
1231 1633 1258 1682 in
1269 1632 1316 1702 iu-

273 1707 332 1760 sula
341 1709 420 1782 Scyro
430 1711 547 1764 Achilles
557 1714 627 1765 iuter
635 1711 749 1765 feminas
761 1713 869 1765 latitans
881 1711 1090 1783 deprehenditur
1100 1713 1133 1764 ah
1147 1713 1252 1784 Ulysse,
1267 1713 1316 1761 tri-

273 1788 363 1860 pudiis
374 1792 442 1844 inter
454 1795 529 1864 orgia
539 1815 544 1843 :
555 1813 580 1844 r.
591 1792 689 1846 Statius
701 1791 798 1845 Achill.
810 1795 837 1858 1,
850 1793 908 1862 593.
922 1793 984 1846 608.
996 1792 1029 1857 Il,
1044 1792 1100 1845 152.
1116 1794 1156 1845 Ne
1172 1790 1315 1843 Pratidum

274 1872 440 1924 sanationem
460 1891 511 1944 per
532 1876 607 1946 orgis
624 1875 772 1926 institutam
791 1893 807 1926 a
827 1873 996 1944 Melampode
1017 1891 1220 1926 commemorem
1241 1869 1315 1943 apud

275 1950 433 2021 Apollodor.
447 1954 485 2018 ll,
499 1971 524 2005 a.
540 1967 606 2006 extr.
619 1955 792 2006 Manifestum
803 1952 845 2020 lit,
857 1972 871 2004 e
884 1953 1003 2024 Tragicis
1012 1953 1157 2023 profecisse
1169 1964 1274 2022 poetam
1287 1951 1317 2000 in

275 2030 337 2083 loco
350 2033 478 2104 praeclaro
493 2035 540 2086 inf.
554 2035 615 2098 Vll,
626 2033 659 2086 de
668 2035 782 2100 Amata,
795 2051 853 2104 que
864 2033 1002 2084 Lauiniam
1013 2031 1094 2084 filiam
1105 2033 1195 2082 Turno
1207 2031 1319 2102 promis-

277 2131 333 2164 sam
345 2115 444 2185 nuptiis
457 2134 517 2167 cum
529 2115 611 2168 AEnea
624 2114 772 2167 subducere
784 2113 876 2166 voleus
888 2135 894 2164 ι
906 2111 957 2166 385
970 2112 1133 2183 Quinetiam
1148 2113 1175 2162 ia
1193 2109 1270 2164 siluas
1283 2108 1319 2160 si·

277 2196 377 2244 maleto
397 2194 507 2246 numine
519 2192 618 2246 Bacchi
627 2225 660 2233 --
669 2193 778 2260 Euolat,
790 2204 817 2246 et
829 2203 920 2246 natam
933 2191 1067 2262 frondosis
1084 2190 1216 2242 montibus
1230 2188 1318 2252 abdit,

280 2276 337 2338 Quo
356 2272 503 2326 thalamum
518 2275 615 2345 eripiat
628 2274 748 2339 Teucris,
766 2273 894 2346 taedasque
906 2282 1036 2338 moretur,
1050 2272 1121 2324 Euae
1134 2269 1251 2325 Bacche!
1258 2267 1320 2338 fre·

278 2370 365 2414 mens5
376 2351 461 2406 solum
475 2365 498 2404 te
510 2354 613 2426 virpine
623 2353 734 2425 diprtum
746 2353 774 2408 V
771 2351 900 2422 ociferaas
914 2363 963 2402 etc.

525 2594 887 2687 EXCURSUS
922 2597 1077 2684 XI**.

347 2853 349 2856 ,
449 2773 792 2862 Temporaasaensu
804 2771 1152 2862 AEmoeaautysam.

319 2918 371 2984 vl,
393 2915 489 2970 5³5-
499 2915 558 2986 539.
573 2917 632 2968 Hac
651 2916 706 2966 vice
721 2933 885 2980 sermonum,
905 2915 980 2966 roseis
997 2914 1100 2965 Aurora
1114 2909 1248 2983 quadrigis
1260 2913 1322 2963 Jam

281 2997 398 3051 medium
415 2995 521 3048 oetherio
533 3015 611 3048 cursu
628 2997 764 3066 trajecerat
780 3013 872 3046 axem.-
886 2993 986 3064 Etfors
998 3011 1074 3044 amne
1084 2990 1176 3040 datum
1194 2988 1326 3042 traherent

281 3097 330 3150 per
339 3075 403 3131 talia
416 3087 533 3148 tempus,·
543 3077 594 3129 Sed
604 3093 687 3128 comes
703 3073 859 3138 admonuit,
873 3073 1034 3144 breuiterque
1049 3067 1139 3138 adfata
1157 3065 1259 3137 Sibylla
1271 3078 1323 3128 est,·

282 3158 343 3209 Nox
362 3157 546 3222 ruit,'AEaea,·
559 3155 701 3232 aosflendo
711 3154 831 3205 ducimus
847 3151 930 3204 horas.
943 3152 1065 3203 Obscura
1077 3160 1116 3199 est
1129 3147 1156 3197 in
1167 3144 1210 3197 his
1223 3159 1326 3217 tempo-

282 3238 319 3288 ris
331 3237 447 3297 notatim
461 3235 598 3305 multoque
613 3235 712 3306 magis,
727 3235 749 3285 si
762 3234 901 3304 superiora
913 3245 939 3284 et
950 3243 1036 3282 totum
1053 3245 1141 3280 rerum
1157 3239 1326 3278 narratarum

282 3317 402 3369 ordinem
422 3315 586 3387 expenderis.
608 3315 714 3368 Scilicet
728 3313 912 3366 difficultatem
929 3312 994 3363 facit
1013 3309 1080 3371 hoc,
1109 3305 1181 3377 qaod
1204 3319 1326 3377 tempora

285 3396 427 3450 descensus
441 3415 471 3448 ac
482 3395 582 3448 reditus
592 3413 625 3448 ex
632 3397 725 3447 inferis
736 3413 752 3446 a
763 3405 844 3464 poeta
855 3409 909 3444 non
919 3390 1016 3442 diserte
1027 3388 1090 3440 satis
1101 3387 1245 3437 constituta
1254 3397 1325 3435 sunt.

285 3479 393 3530 Sumere
413 3477 474 3530 licet
493 3478 565 3529 duo:
584 3477 710 3541 alterum,
722 3493 776 3526 une
794 3473 941 3542 eademque
959 3481 1039 3522 nocte
1059 3467 1115 3520 haec
1131 3468 1201 3540 geri,
1214 3465 1327 3517 alterum

284 3556 408 3608 noctibus
421 3555 648 3627 dirersismtqui,
663 3569 867 3623 utrumcumque
878 3569 981 3622 ponas,
993 3560 1072 3612 sunt,
1085 3565 1143 3616 quar
1155 3563 1250 3616 parum
1263 3561 1328 3595 eou-

240 3637 243 3646 ‘
284 3639 401 3688 veniant.
410 3638 448 3688 Ex
458 3637 611 3689 notionibus
619 3649 738 3688 veterum
746 3635 809 3685 satis
820 3645 940 3695 constat,
954 3626 1081 3701 quicquid
1094 3627 1129 3679 ad
1139 3626 1204 3678 deos
1214 3623 1326 3686 inferos,

288 3715 323 3766 ad
344 3716 452 3780 Manes,
473 3715 507 3766 ad
524 3733 601 3768 sacra
618 3715 738 3786 magica,
755 3723 903 3782 spectaret,
922 3709 958 3760 ad
969 3718 1069 3760 uocum
1084 3707 1193 3766 referri3
1211 3701 1254 3754 die
1267 3713 1328 3752 orto

289 3793 380 3844 omnia
391 3791 470 3860 hujus
482 3796 586 3866 generis
597 3793 668 3846 liniri
680 3792 775 3844 solent.
789 3789 855 3841 Cum
870 3803 930 3841 ortu
943 3788 1006 3840 solis
1018 3788 1110 3839 Manes
1124 3784 1158 3836 ed
1172 3785 1230 3834 loca
1242 3781 1329 3833 infera

289 3871 416 3936 redeunt,
437 3889 461 3922 v.
475 3891 497 3924 c,
513 3891 571 3944 sup.
590 3872 637 3924 lib.
650 3873 684 3937 V,
697 3871 762 3942 738,
776 3872 840 3940 739,
860 3869 920 3939 537.
940 3869 975 3921 cf.
996 3867 1030 3920 ad
1044 3867 1093 3929 Vl,
1108 3863 1158 3916 255
1173 3863 1329 3912 Homericos

287 3965 380 4001 versus
392 3968 519 4020 compara
530 3951 626 4022 Odyss.
636 3971 672 4011 ir,
686 3967 751 4014 ato,
764 3967 799 4015 e,
813 3951 871 4004 226.
882 3949 924 4004 Ad
934 3961 1088 4001 communes
1104 3945 1195 4014 itaque
1205 3941 1329 3993 notiones

289 4031 368 4084 etiam
379 4031 562 4103 interpretatio
575 4043 614 4085 est
624 4029 797 4086 moderanda.
