2996 4694
299 397 341 461 32
551 392 586 453 P.
609 387 841 454 VlRGlLIl
864 389 1095 458 Minonis

300 521 393 581 AErea
406 537 505 604 quem
518 512 691 603 obliquum
703 530 775 576 rota
786 513 931 592 transiit;
943 531 999 578 aut
1012 515 1117 601 gravis
1129 515 1198 582 ictu

296 625 503 690 Seminecem
515 620 611 709 liquit
622 643 699 683 sano
711 620 923 708 lacerumque
935 621 1058 700 viator3
1300 634 1342 698 ηε

297 729 531 820 Nequidquam
543 726 659 813 longos
672 726 802 814 lugiens
815 724 870 790 dat
884 747 1023 813 corpore
1034 742 1154 805 torena,

298 840 392 900 Parte
405 837 511 913 ferox,
524 831 711 920 ardensque
725 832 842 910 oeulis,
857 848 891 896 et
902 830 997 895 sibila
1009 831 1094 896 eolla

298 943 429 1006 Arduus
441 938 618 1018 adtollens;
631 960 706 1025 pars
718 937 853 1001 volnere
866 936 983 1002 clauda
996 953 1136 1002 retentat

297 1054 479 1115 Nexantem
492 1044 602 1124 nodie,
616 1067 718 1132 seque
731 1045 765 1106 in
780 1066 838 1108 sua
850 1043 998 1107 membra
1010 1043 1197 1131 plicantem.

297 1157 370 1221 Tali
383 1153 520 1240 remigio
533 1150 624 1214 navis
637 1171 672 1214 se
685 1147 777 1213 tarda
789 1148 961 1228 merebam
1300 1159 1345 1208 28⁰

297 1262 379 1326 Vela
391 1260 469 1324 lacit
481 1275 606 1334 tamen,
621 1270 654 1319 et
665 1252 746 1318 velis
759 1251 848 1318 subit
860 1255 944 1318 ostia
955 1253 1072 1341 plenis.

331 1457 383 1520 ²74·
394 1457 466 1500 AEnert
478 1451 526 1497 duo
537 1467 589 1497 cum
600 1452 680 1498 Servio
692 1449 755 1512 apud
764 1451 889 1495 Burmann.
903 1453 984 1494 trnttsit
995 1452 1070 1510 Sprot.
1085 1451 1173 1495 bnmiit
1184 1457 1232 1496 roto
1245 1449 1343 1496 Dorrill.

299 1556 331 1567 ..
343 1529 395 1590 275.
409 1527 471 1580 saxi,
494 1535 520 1566 ut
535 1521 564 1566 ab
589 1525 634 1566 ictu
651 1520 764 1582 pendeat,
782 1536 817 1581 pr.
836 1521 920 1566 Moret.
940 1533 988 1582 quo
1003 1521 1140 1582 culparioris
1156 1536 1211 1567 usus
1230 1533 1343 1567 structura

301 1601 392 1665 prodit:
403 1597 535 1642 seminecem
549 1596 594 1638 ictu
604 1595 680 1657 pravis
693 1595 751 1637 saxi.
768 1591 849 1655 linquit
859 1592 906 1638 duo
919 1591 997 1636 liurm.
1014 1606 1070 1638 sexo
1082 1591 1147 1656 lt'qttit
1158 1587 1229 1638 walt.
1243 1619 1275 1629 —
1292 1593 1344 1655 276.

300 1675 331 1718 Ν,
343 1671 436 1734 sopiens
452 1665 527 1731 lonqos
545 1665 585 1710 det
598 1673 686 1726 pectore
702 1662 771 1708 Goth.
789 1675 842 1708 tert.
857 1663 898 1708 dat
911 1679 931 1708 c.
952 1671 1037 1708 tractus
1051 1664 1148 1710 Oudtrt.
1169 1689 1200 1700 ·-
1220 1679 1271 1728 ²77·
1290 1680 1345 1727 pars

300 1740 365 1790 sibilo
382 1743 465 1794 lium,
488 1735 555 1782 male.
573 1733 630 1781 collo
653 1751 680 1780 er
701 1733 782 1780 collem
798 1732 907 1779 Rottend.
925 1745 978 1778 tert.
1000 1757 1032 1768 -
1053 1732 1104 1795 278.
1126 1734 1217 1781 Arduos
1233 1737 1299 1780 Rom.
1322 1750 1344 1778 v.

299 1816 360 1860 Pier.
374 1827 395 1856 υ.
415 1808 479 1854 tarde
495 1807 554 1851 Ven.
571 1803 665 1849 vultum
682 1802 760 1849 clausa
775 1803 862 1848 (iuda
878 1820 909 1849 m.
926 1819 962 1865 pr.
981 1811 1095 1868 retorquet
1104 1821 1139 1867 pr.
1160 1805 1241 1850 llamb.
1252 1830 1281 1840 —-
1293 1819 1346 1866 ²79·

300 1887 428 1931 Nexantem
443 1879 512 1924 nodos
530 1874 607 1938 vulflg.
627 1875 681 1921 cdd.
698 1874 798 1931 habent,
810 1889 863 1938 pars
881 1873 950 1922 codd.
968 1875 1028 1920 Pier.
1048 1887 1071 1922 et
1089 1879 1231 1922 recentiores
1242 1877 1347 1921 Venetus

301 1955 389 2001 lleinsii
401 1965 423 1997 ct
436 1947 546 2004 Dorrill.‚
558 1945 704 1993 hauddubie
717 1945 746 1991 ab
765 1945 861 1991 indocto
875 1944 1050 2008 interpolatore.
1063 1947 1186 1991 Nitentem
1196 1946 1259 1992 node
1275 1945 1347 1992 verbo

300 2026 440 2071 Lucretiano
452 2019 491 2067 alii
502 2021 565 2082 iique
577 2018 695 2066 veterrimi
704 2016 790 2062 Medic.
803 2033 856 2062 am.
869 2034 903 2079 pr.
915 2019 984 2076 (nam
994 2016 1143 2063 emendatum
1156 2020 1180 2063 in
1190 2021 1310 2072 nitentem
1324 2031 1347 2064 et

301 2097 346 2144 boc
358 2099 525 2156 interpretatur
538 2094 650 2153 Pompon.
663 2089 730 2146 San,
743 2105 814 2153 quem
826 2089 895 2149 ride)
908 2087 969 2136 Gud.
983 2106 995 2134 c
1007 2089 1077 2135 simili
1087 2089 1194 2153 exemplo
1204 2089 1349 2152 descriptus,

301 2182 324 2216 et
333 2168 430 2214 Mentel.
440 2182 476 2228 pr.
487 2179 539 2210 cum
549 2176 615 2226 parte
625 2161 694 2208 codd.
709 2163 785 2217 Pien,
800 2163 861 2206 inter
871 2177 930 2224 quos
940 2160 1057 2207 Romanus
1073 2161 1143 2208 luisse
1161 2161 1268 2217 ridetur,
1280 2173 1307 2205 nt
1318 2162 1347 2207 sit

301 2240 367 2302 quasi
376 2236 487 2282 subnixus
499 2233 567 2279 nodis
577 2235 623 2279 suis
635 2247 730 2295 serpens
741 2247 747 2277 :
759 2233 791 2277 sic
802 2233 846 2277 erit
856 2231 938 2277 eadem
947 2233 1084 2294 exquisitior
1094 2235 1168 2288 ratio,
1180 2247 1249 2294 quam
1260 2229 1347 2292 deprc-

300 2307 425 2354 hendimus
436 2323 458 2352 v.
472 2321 492 2349 c.
503 2306 528 2348 in
540 2303 581 2348 illo
593 2319 598 2348 :
611 2311 710 2348 nsenlttm
725 2304 854 2366 crinemque
867 2302 965 2347 liloeonin
975 2303 1041 2346 mitsu
1056 2300 1166 2346 suentem
1177 2301 1217 2354 lv,
1228 2299 1279 2344 216.
1291 2313 1348 2360 217,

300 2377 341 2422 ubi
351 2376 426 2430 idem,
436 2377 476 2436 qui
486 2373 600 2419 subnexus
611 2385 660 2428 est,
670 2373 762 2418 doctius
774 2372 860 2416 dicitur
871 2370 989 2415 cubamus.
998 2370 1102 2416 Tandem
1112 2369 1210 2432 legitur:
1221 2371 1349 2415 Nexentem

300 2446 365 2491 nodis
376 2445 400 2489 b.
412 2454 565 2489 onerantem
580 2457 603 2486 se
616 2444 641 2486 in
652 2441 739 2496 nodos,
750 2439 819 2485 docte
830 2452 853 2485 et
866 2442 901 2484 rei
913 2441 1094 2492 convenienter,
1110 2437 1152 2483 sed
1170 2441 1195 2484 in
1204 2440 1348 2502 paucissimis

301 2513 379 2568 libris;
389 2513 522 2558 Mcdieeum
533 2527 600 2556 suum
615 2511 695 2556 laudat
705 2511 803 2556 Pierius.
817 2511 925 2556 Heinsius
937 2521 1026 2554 tantum
1035 2508 1065 2553 de
1075 2509 1139 2554 nodis
1149 2509 1261 2565 affirmat,
1272 2509 1301 2556 de
1311 2509 1349 2556 al·

301 2596 353 2628 tero
365 2582 431 2636 silet;
443 2582 485 2626 sed
495 2581 587 2626 firmant
598 2580 724 2626 lectionem
735 2581 899 2634 Grammatici,
909 2581 1041 2624 Priscianus
1050 2589 1073 2624 et
1085 2578 1207 2642 Eutyches.
1217 2582 1297 2643 ltaque
1307 2596 1349 2626 re·

300 2651 434 2714 linquamus
444 2650 581 2703 lectionem,
594 2665 646 2711 quae
659 2661 682 2694 et
697 2653 746 2710 ipsa
759 2661 828 2710 poeta
841 2647 974 2710 diguaes15
990 2659 1156 2711 teneamusque
1169 2647 1228 2693 illud
1239 2665 1244 2695 :
1257 2652 1349 2712 quoties

301 2721 362 2767 nihil
373 2733 449 2783 potest
461 2723 492 2765 ita
505 2719 610 2775 deliniri,
620 2731 645 2764 ut
656 2721 680 2764 in
694 2718 829 2764 alterutram
841 2731 931 2779 partem
941 2717 1093 2780 probabiliter
1103 2719 1176 2779 major
1187 2720 1211 2763 in
1223 2734 1302 2766 sensus
1312 2722 1349 2765 in-

301 2803 392 2846 currat,
403 2807 446 2836 nec
456 2790 571 2835 mutanda!
578 2788 675 2835 lectioni
687 2787 785 2851 vulgatae
796 2785 872 2834 locum
885 2800 908 2834 et
919 2803 1036 2845 caussam,
1048 2805 1092 2835 nec
1104 2791 1238 2835 mutationis
1248 2790 1348 2836 fructum

303 2875 326 2908 et
336 2861 460 2907 utilitatem
472 2875 535 2915 csse;
551 2873 700 2908 contrivero
715 2859 854 2914 lectoribus,
867 2861 973 2922 inprimis
984 2858 1179 2922 elegantioribus,
1192 2863 1232 2924 qui
1245 2862 1349 2906 criticam

302 2930 454 2979 subtilitatem
463 2945 512 2975 non
524 2943 621 2986 curant,
632 2929 749 2976 molestias
761 2931 834 2976 creari
844 2947 851 2984 ;
861 2931 967 2992 inprimit
976 2933 995 2976 si
1005 2930 1048 2975 tibi
1057 2943 1174 2986 constare,
1187 2944 1210 2977 et
1220 2933 1243 2976 in
1253 2930 1348 2992 paribus

302 3004 387 3050 caussis
399 3018 478 3065 parem
494 3004 608 3048 rationem
624 3004 692 3064 sequi
705 3000 776 3048 telis:
791 3014 840 3047 turn
861 3004 924 3047 enim
937 3005 1060 3049 innumera
1077 3016 1145 3050 erunt
1157 3003 1282 3057 mutanda,
1294 3017 1348 3047 eum

302 3074 373 3120 modo
383 3088 463 3128 casus,
473 3071 544 3117 modo
553 3075 635 3134 penius
646 3075 774 3129 sermonis,
787 3075 893 3135 inprimit
904 3076 1003 3135 poetici,
1013 3073 1084 3120 modo
1093 3074 1221 3129 aberratio,
1231 3071 1296 3118 bum
1306 3073 1348 3116 tri·

302 3158 371 3190 nasvc
389 3142 501 3190 lectiones
510 3143 657 3203 suppeditet,
672 3159 772 3205 quarum
785 3141 849 3189 nulla
863 3155 903 3189 attt
913 3146 992 3206 sperni
1001 3147 1074 3207 possit
1083 3157 1123 3190 aut
1132 3143 1241 3190 destituta
1253 3145 1282 3190 tit
1293 3157 1349 3188 auc-

301 3217 410 3262 toritate:
426 3213 489 3277 quod
501 3215 580 3275 itaque
593 3231 636 3277 eqo
648 3215 778 3272 substituo,
791 3215 874 3262 eodem
882 3218 936 3279 jure
945 3217 1044 3263 mutabit
1054 3215 1119 3262 alter.
1131 3241 1164 3252 —
1175 3214 1227 3261 alio.
1235 3219 1266 3260 sic
1284 3214 1350 3260 tarda

299 3286 382 3334 Franc.
392 3301 416 3332 se
429 3285 492 3330 tarda
498 3283 587 3347 ferebat
596 3285 656 3332 (iud.
669 3302 682 3332 a
694 3302 724 3331 m.
734 3303 770 3349 pr.
784 3299 807 3333 et
815 3286 890 3349 bigot.
899 3303 922 3333 ι.
938 3285 980 3332 lib.
989 3287 1035 3344 111,
1047 3286 1099 3336 268.
1111 3311 1144 3322 —
1155 3283 1207 3330 281.
1219 3282 1283 3328 Ordo
1295 3299 1349 3330 ver-

300 3452 377 3522 ptnvi
389 3453 458 3514 ictu,·
472 3464 498 3505 et
514 3470 575 3504 mox
586 3453 723 3526 jungenda
738 3473 802 3508 saxa
850 3465 1000 3508 nectentem
1010 3470 1037 3503 se
1046 3453 1072 3501 in
1081 3445 1166 3499 nodos
1179 3456 1205 3494 et
1217 3443 1349 3516 replican-

303 3527 426 3582 lacerum.
440 3532 486 3583 dot
495 3542 574 3584 tortus
579 3571 589 3596 ,
602 3534 674 3584 lacit.
685 3530 802 3584 collant*
850 3546 903 3584 tem
916 3553 943 3584 se
954 3535 981 3582 in
994 3529 1080 3579 orbes.
1093 3543 1117 3574 v.
1131 3525 1193 3576 Var.
1204 3523 1276 3576 Leet.

303 3606 370 3658 duur
380 3608 519 3674 adtollens,
532 3609 608 3677 arixis*
622 3607 731 3676 ἀιισχόι
741 3611 802 3662 Col·
887 3613 937 3662 280
949 3637 984 3648 —-
994 3607 1054 3658 285.
1069 3604 1150 3672 Quod
1161 3603 1281 3677 Sergesto
1298 3605 1349 3657 etsi

303 3684 408 3736 limach.
430 3689 456 3738 in
472 3691 565 3760 fragm.
582 3689 801 3742 ccccxxxvnt
850 3687 971 3740 inferiori
982 3703 1077 3736 munus
1094 3684 1153 3752 dat,
1167 3699 1192 3738 et
1208 3683 1281 3756 quod
1295 3701 1350 3735 ser·

303 3765 800 3834 egregienliuhnlreniorestituto.pars
849 3784 910 3817 vam
929 3763 989 3831 dat,
1004 3763 1037 3816 ab
1056 3767 1171 3818 Homero
1190 3765 1271 3816 babet
1287 3763 1305 3814 l,
1324 3781 1347 3814 c.

303 3839 412 3892 vulnere
444 3842 539 3898 claudet
572 3857 800 3914 retentat-pars
850 3837 1348 3916 iliade,536.537.538et261.263.

304 3923 456 3988 vulnerata,
470 3925 569 3980 obtrita
581 3947 612 3980 ae
628 3930 727 3989 fracta,
745 3943 801 3975 mo·
851 3923 932 3990 Quod
955 3938 1043 3976 autem
1064 3924 1181 3976 Pholoen
1194 3921 1347 3976 Cretensem

304 4015 378 4054 ratur
390 4023 421 4056 ae
434 4007 543 4072 retinet,
562 4026 594 4058 ne
613 4009 697 4080 possit
710 4022 802 4076 proce·
850 4005 983 4070 nominat,
994 4004 1045 4056 hoe
1054 4019 1083 4056 ut
1092 4017 1172 4076 poeta
1181 4004 1259 4067 lacit,
1270 4019 1347 4070 aquo

305 4082 381 4150 dere,
392 4097 555 4156 serpentem,
569 4099 706 4142 nexantem
716 4083 800 4150 node,
849 4082 917 4138 nihil
933 4084 1011 4139 facile
1028 4083 1163 4142 indefinite
1186 4079 1347 4156 ponendum.
