3028 4682
279 425 341 474 200
525 405 559 467 e.
584 401 817 486 vrncrntt
840 404 1070 474 tritonis

277 533 343 593 Ant
354 543 461 592 metus
473 526 617 591 Ausonia
629 526 784 615 prohibet
796 529 975 594 consistere
987 531 1093 594 terra?

320 634 401 714 Quis
414 633 530 721 procul
542 633 597 697 ille
609 648 720 697 nutent
731 634 829 698 ramis
843 634 979 723 insignis
992 637 1087 700 olivae

275 787 380 830 virtutem
392 796 416 830 et
421 785 500 847 firctis.
512 785 545 828 Ex
556 784 688 830 Heintianie
703 801 738 847 pr.
751 785 847 832 Mentel.
860 789 942 831 virtute
950 802 970 832 e.
977 785 1058 848 foetis.
1069 784 1190 832 Gudianus
1200 802 1205 831 :
1217 789 1323 832 virtutem

275 869 295 899 e.
307 857 376 908 uires,
388 853 510 917 velfeetis.
524 865 576 900 tert.
589 854 698 900 llottend.
711 858 815 901 uirtutem
829 871 849 901 e.
855 855 928 919 fectis
939 855 976 902 vel
988 854 1080 901 viribus.
1091 853 1149 900 alter
1161 855 1242 902 llamb.
1248 855 1322 918 fectis

276 939 296 970 e.
314 929 379 972 uires.
398 927 493 972 Heinsio
507 927 568 971 inter
584 925 633 970 hnc
645 929 722 971 omnia
731 942 756 973 ee
769 943 795 972 ea
807 926 877 972 lectio
892 925 1004 990 probabat
1014 943 1019 972 :
1031 931 1112 972 virtute
1122 927 1240 972 extendere
1253 929 1319 970 vires.

274 996 323 1041 Nec
335 1007 412 1041 tamen
424 996 579 1051 insolentem,
597 1007 619 1042 et
632 1011 684 1041 meo
696 1012 765 1042 sensu
783 996 880 1053 exilem,
893 996 1007 1059 loquendi
1027 996 1121 1042 ruoilum
1140 999 1227 1054 (estctt
1239 1007 1320 1040 omncs

274 1067 335 1110 viret
347 1081 442 1110 ercrere
463 1066 554 1112 fortiter
565 1067 670 1128 agendo)
682 1065 799 1113 illustrare
809 1069 864 1113 tatis
881 1069 967 1128 potuit.
986 1067 1041 1113 Meo
1053 1066 1211 1130 qualicunque
1227 1065 1320 1127 judicio

272 1139 330 1182 uires
346 1153 373 1182 ex
385 1136 521 1198 qlotaenrate
534 1140 597 1184 vecie
613 1141 718 1184 virtutem
728 1139 832 1184 eubnatae
844 1151 910 1195 ιιιιιι,
926 1155 1011 1202 eatque
1030 1139 1140 1202 equidem
1152 1139 1248 1184 ornnino
1267 1152 1319 1182 res-

273 1221 353 1268 puam.
369 1206 420 1252 Alio
432 1207 484 1253 loco
496 1207 538 1252 inl.
551 1209 584 1261 ll.
596 1208 638 1265 461
653 1212 770 1255 occurrit:
780 1209 916 1272 sedfemom
933 1209 1052 1254 extendere
1062 1207 1147 1270 factis,
1164 1207 1215 1253 Hoc
1232 1207 1319 1252 virtutis

273 1291 342 1339 opes,
355 1278 417 1324 unde
428 1277 502 1324 lucilia
522 1281 636 1341 euspicio,
648 1293 674 1325 ιιι
686 1291 709 1326 et
723 1279 747 1326 h.
762 1279 777 1326 l.
791 1283 873 1326 uirtute
883 1281 1003 1326 extendere
1008 1280 1099 1342 furerem
1112 1277 1181 1324 luiue
1194 1279 1320 1338 conjitiae;

275 1359 298 1394 et
310 1352 343 1395 sic
352 1351 400 1412 jam
412 1351 546 1411 conjecerat
563 1353 724 1408 llurrnannue,
736 1351 774 1398 vel
786 1355 854 1398 vitem
861 1372 870 1408 ,·
881 1365 907 1398 ut
919 1355 987 1398 vitem
997 1352 1116 1398 extendere
1128 1350 1167 1397 alii
1180 1350 1267 1396 dixere.
1280 1351 1321 1394 si-

272 1416 318 1464 liue
325 1419 368 1474 lli,
379 1420 422 1480 375
433 1419 504 1466 brevis
514 1418 554 1467 boe
564 1425 607 1466 oevi
612 1421 761 1486 quodcunque
770 1421 872 1468 relictum
878 1431 912 1468 est
919 1423 1089 1479 Extendamus,
1101 1426 1133 1466 eit
1143 1437 1150 1466 .·
1162 1419 1245 1483 probat
1255 1420 1319 1482 print

266 1485 357 1550 famem
368 1490 437 1534 etiam
448 1491 485 1534 do.
495 1491 617 1536 Schrader.
627 1493 691 1536 Bona
703 1491 751 1538 baec
764 1495 878 1539 sententie
887 1504 909 1538 et
919 1493 1020 1540 sollenni
1031 1495 1089 1539 mori
1102 1489 1217 1555 loquendi
1228 1505 1319 1534 necom-

273 1556 374 1602 ntodata.
387 1559 510 1606 Enimvero
521 1559 602 1605 endem
613 1577 641 1605 ex
651 1561 742 1623 andgeri
754 1560 855 1609 lectione
865 1577 913 1608 non
925 1565 1001 1608 minue
1011 1565 1059 1609 exit
1070 1580 1075 1608 ι
1087 1565 1203 1615 virtutem,
1213 1558 1319 1620 adeoque

273 1627 383 1688 gloriam,
395 1631 480 1676 virtute
490 1645 591 1693 partam,
602 1631 804 1696 extendere-foetis.
812 1635 978 1696 Supereattalin
991 1633 1076 1690 lectio,
1087 1637 1192 1680 virtutem
1200 1631 1320 1676 extendcte

273 1697 340 1754 settle,
350 1715 377 1745 ex
390 1700 459 1746 Goth.
472 1718 518 1748 tec.
530 1705 607 1765 Sprot.
624 1704 722 1750 Dei-vill.
736 1707 795 1752 Ven.
809 1719 832 1752 et
842 1708 899 1768 ling.
909 1724 921 1752 a
931 1723 963 1751 ιιι.
974 1723 1036 1761 sec,
1046 1719 1072 1752 ut
1083 1708 1113 1753 eit
1123 1709 1227 1750 virtutem
1238 1711 1319 1748 esten-

274 1768 339 1824 dere,
351 1769 381 1814 ad
393 1787 433 1826 ea,
450 1789 502 1834 quae
519 1787 619 1829 restant,
632 1773 765 1821 discrimina
776 1790 800 1822 et
811 1776 914 1832 laboret,
921 1777 994 1840 fetis,
1009 1775 1039 1823 ed
1052 1777 1097 1822 lata
1110 1771 1237 1838 explenda,
1250 1783 1275 1817 ut
1291 1773 1320 1816 eit

274 1839 357 1883 tertiut
366 1855 443 1895 catut,
453 1843 479 1886 in
490 1845 557 1904 cujus
569 1846 673 1905 gratiam.
685 1845 761 1891 Habet
769 1859 791 1892 et
799 1846 863 1902 lnce,
875 1863 923 1908 quo
933 1863 956 1892 te
967 1849 1028 1893 tucri
1038 1847 1117 1908 possit.
1126 1845 1163 1890 Eat
1173 1855 1250 1888 tamen
1260 1840 1320 1886 lorte

273 1907 342 1953 ninii
350 1921 444 1970 argum
455 1923 477 1956 et
484 1915 608 1959 auctoritnt
618 1915 692 1977 rrtajoc
700 1915 810 1962 codicum
819 1916 885 1962 adeat
894 1915 1000 1979 vulgate.
1008 1941 1039 1952 -
1046 1917 1100 1963 808.
1113 1925 1183 1960 tenne
1193 1910 1262 1956 Goth.
1272 1925 1318 1956 sec·

272 2033 369 2085 virtute
386 2033 498 2098 dieitur;
518 2039 555 2090 itn
573 2057 622 2109 pro
642 2039 771 2113 simplici,
822 2039 894 2092 bant.
923 2039 1053 2094 Convenit
1083 2058 1144 2091 cum
1170 2035 1223 2088 boc
1245 2052 1319 2086 more

273 2126 380 2167 strenue
396 2134 437 2167 ree
456 2137 561 2188 gerere,
582 2131 663 2191 poeta
679 2133 772 2172 ornate
820 2121 950 2193 loquendi
959 2135 1023 2173 nota
1035 2121 1136 2172 forme:
1150 2127 1250 2170 noctem
1258 2133 1320 2186 pro-

274 2195 487 2260 dixit‚uirtutem
495 2235 504 2261 ,
519 2200 632 2250 nominis
644 2197 771 2270 gloriam,
815 2201 903 2272 serre,
932 2204 1090 2274 producere,
1122 2201 1201 2264 vino,
1224 2213 1321 2248 sermo·

271 2269 387 2343 famant,
404 2273 466 2332 elice
486 2278 622 2330 extendere
632 2278 722 2348 factis.
745 2279 772 2331 Si

271 2372 335 2406 vero
349 2355 470 2406 virtutem
482 2359 590 2427 proprie
604 2357 700 2409 dictam
713 2377 770 2410 nra-

271 2433 320 2500 lis,
350 2446 406 2485 turn
435 2437 570 2488 extendere
600 2439 770 2507 exquisitiore

272 2513 353 2564 motio
371 2513 469 2565 dictum
492 2517 597 2584 accipe,
618 2528 663 2566 aut
685 2529 714 2566 ut
736 2519 771 2568 sit

273 2593 397 2644 virtutem
416 2593 566 2658 intendere,
587 2612 647 2644 curn
661 2609 771 2646 conten-

272 2672 359 2734 tione,
370 2672 397 2721 in
406 2671 511 2722 futuros
519 2689 609 2735 casus,
616 2672 716 2742 factis,
728 2675 770 2727 vel

271 2751 300 2801 in
312 2750 384 2800 fecta
395 2748 436 2800 vel
449 2769 497 2819 per
509 2751 580 2802 lecta
592 2751 666 2802 claro
678 2765 705 2804 et
719 2755 772 2804 lor-

272 2831 325 2891 tia;
339 2841 384 2880 aut
399 2841 428 2878 ut
446 2830 480 2880 sit
496 2829 618 2880 virtutem
637 2832 772 2884 extendere

272 2912 373 2963 dictum
380 2927 429 2979 pro
437 2909 554 2981 vulgari,
566 2927 685 2978 exerere,
697 2929 771 2963 exer-

271 3011 346 3056 cere,
363 3009 396 3043 ea
416 2993 468 3056 uti,
485 2990 607 3060 adeoque
624 3009 673 3063 per
683 2991 769 3062 facte.

270 3073 416 3126 Extendere
436 3074 505 3125 enirn
525 3070 607 3124 modo
627 3071 660 3124 ed
675 3091 770 3124 nume-

271 3171 343 3217 rum,
362 3151 442 3203 ntodo
461 3151 495 3204 ud
512 3151 633 3221 temporis
649 3149 770 3202 interval·

270 3230 327 3282 inm
336 3269 345 3296 ,
358 3231 439 3283 medo
449 3230 484 3283 ad
493 3249 529 3282 res
538 3232 660 3283 refertur.
672 3233 770 3284 Amant

270 3313 361 3382 itaque
380 3323 464 3382 poete
474 3309 545 3362 hanc
564 3329 670 3378 vocem,
682 3323 711 3361 nt
723 3329 769 3362 or-

270 3404 335 3443 nent
346 3393 483 3442 netionem
495 3390 650 3461 simplicem.
664 3390 707 3443 Sic
718 3409 768 3462 pro

269 3472 372 3543 eripere
395 3472 490 3535 vitam,
521 3481 638 3536 etatem,
666 3471 770 3523 malunt

270 3549 412 3602 extendere.
432 3550 474 3602 Sic
486 3550 566 3600 vitem
585 3550 652 3601 bono
665 3567 709 3620 spe
729 3569 769 3602 ex·

271 3631 388 3694 tendere,
409 3631 520 3701 exigere.
542 3628 656 3702 AEscbyl.
680 3633 766 3682 Proin.

270 3709 320 3780 537
336 3709 394 3764 'itti
412 3733 449 3773 rt,
467 3709 612 3780 &repoenitere
626 3709 664 3764 ndi
680 3706 768 3780 μιιιμῖι

268 3791 346 3844 niem
361 3791 410 3851 βίοι
425 3793 543 3854 'Ennium
556 3811 605 3864 pro
617 3793 716 3844 bonnm
728 3795 768 3844 in-

272 3883 311 3922 ter
334 3887 408 3940 spem
437 3873 516 3922 vitam
540 3874 652 3943 exigere.
681 3869 770 3939 Quid?

272 3949 345 4020 qnod
375 3948 441 4000 odeo
474 3951 500 4000 in
531 3950 624 4002 Plauto
652 3955 769 4004 occurrit

271 4026 367 4081 Bacch.
380 4028 429 4090 lli,
442 4025 473 4090 3,
488 4029 521 4080 nb
534 4029 572 4080 lbi
584 4031 622 4100 (in
635 4030 768 4103 palestre)

271 4126 344 4161 tuom
360 4117 462 4160 etatem
481 4107 664 4175 extendebant,
682 4112 769 4184 exige·

821 2284 913 2346 nibue;
927 2296 952 2336 et
965 2284 1053 2354 ipsum
1064 2281 1180 2338 tendere,·
1193 2279 1285 2329 lieret.
1299 2277 1320 2342 l,

819 2362 868 2432 Ep.
885 2363 914 2426 5,
929 2379 968 2412 tt.
979 2363 1086 2433 impune
1097 2358 1185 2411 licebit
1193 2355 1320 2408 AEstivent

819 2457 936 2492 sermone
957 2440 1068 2511 beniqno
1091 2437 1194 2488 tendere
1213 2433 1317 2486 lucem:

821 2521 940 2590 exigere,
973 2537 1053 2588 quant
1084 2517 1164 2587 longa
1192 2513 1238 2564 ille
1270 2523 1318 2564 est.

820 2597 909 2665 Quum
930 2610 1037 2668 poetarn
1058 2609 1192 2658 nostrum,
1213 2605 1243 2644 ut
1263 2593 1319 2661 epi-

820 2695 894 2742 cum,
910 2675 1014 2728 doctius
1026 2675 1166 2746 loquutunt
1183 2690 1240 2726 eeee
1257 2689 1320 2742 pro-

818 2755 909 2808 babile
921 2757 968 2820 sit,
981 2767 1116 2826 postrema
1125 2753 1181 2806 haec
1194 2753 1276 2818 ratio,
1289 2764 1320 2802 ut

820 2837 854 2888 sit
864 2837 988 2888 virtutem
1000 2855 1048 2908 per
1060 2838 1132 2888 lacta
1144 2850 1276 2896 exserere,
1290 2845 1320 2882 ut

819 2917 902 2968 multa
919 2929 1023 2970 strenue
1044 2918 1117 2969 facta
1135 2913 1213 2979 edas,
1231 2915 1319 2965 verior

820 3013 877 3047 esse
887 2994 991 3047 videtur
1000 3015 1006 3057 ;
1018 2994 1166 3066 expeditior
1173 3006 1212 3044 est
1221 2994 1318 3063 prima.

819 3075 888 3127 Bene
901 3093 982 3145 porro
993 3093 1019 3126 v.
1034 3073 1084 3126 808
1096 3071 1215 3125 firmetur
1230 3073 1317 3124 AEueae

819 3155 922 3206 enimus
938 3155 973 3207 ud
989 3154 1077 3207 sedern
1099 3154 1127 3204 in
1144 3153 1220 3204 Latio
1239 3151 1319 3223 ligen-

819 3232 889 3287 dam.

853 3317 1017 3391 809-813.
1040 3317 1127 3367 Numa
1150 3314 1217 3377 ilex,
1244 3315 1316 3384 pacis

818 3393 1315 3468 tutelareligionumquecurainsignis.

820 3475 884 3544 Quis
888 3473 991 3547 procui.
1002 3473 1121 3524 Servius:
1132 3473 1219 3524 «mira
1230 3485 1316 3543 autern

818 3556 901 3605 utitur
914 3553 1067 3624 phantasia;
1086 3563 1115 3602 ut
1134 3555 1211 3622 qunti
1229 3565 1318 3604 osten·

818 3631 878 3700 dat,
892 3651 919 3684 ee
941 3651 996 3685 non
1013 3650 1158 3704 agnoscere
1177 3651 1250 3698 enin,
1271 3635 1317 3704 qui

817 3711 850 3764 de
871 3725 948 3784 gente
972 3714 1091 3766 Romana
1114 3732 1168 3765 non
1191 3715 1314 3774 fueran-

816 3793 906 3843 neecio
926 3811 960 3844 en
977 3794 1053 3844 nimie
1066 3793 1206 3846 subtiliter.
1221 3791 1317 3844 Aneiri-

817 3889 858 3924 tet
882 3885 909 3924 et
930 3872 1001 3925 hanc
1024 3885 1051 3925 et
1073 3873 1189 3943 reliquae
1214 3873 1315 3924 animae

817 3953 1007 4023 prospectabat
1031 3972 1045 4006 e
1074 3952 1222 4024 longinquo
1255 3969 1269 4021 7
1309 3991 1314 4001 .

815 4047 887 4082 suern
902 4033 1001 4098 serens,
1021 4035 1129 4104 proprie
1142 4033 1175 4085 de
1190 4032 1316 4085 sacerdo·

817 4109 887 4178 tibus
899 4130 923 4166 ι.
938 4111 972 4166 ad
987 4116 1034 4168 Ge.
1047 4113 1085 4182 ll⁷
1098 4113 1162 4184 476,
1175 4110 1201 4163 h.
1215 4112 1232 4164 1.
1246 4112 1315 4188 bene
