3028 4682
496 396 563 462 sn
586 397 789 464 araaun
811 401 875 466 vr.
1151 418 1210 495 24¹

169 533 251 592 poeta
262 534 317 590 est,
333 519 425 576 addit:
439 539 456 572 a
469 519 645 574 crassioribus
657 520 781 574 sordibus
793 523 915 590 liberati,
928 524 964 580 ad
979 527 1094 600 Elysium
1106 536 1217 590 mittun·

170 613 228 668 tur,
240 599 287 653 sed
305 601 402 672 pauci,
420 601 440 652 li
459 599 575 664 scilicet,
588 600 685 671 quibus
703 602 793 653 inusta
807 602 871 658 vitia
885 603 938 654 elui
949 622 1075 675 possunt,
1088 629 1118 664 en
1127 633 1219 685 perne.

62 689 64 696 ‹
169 675 658 750 „;u„1,743‚744.Absolniturhic,
678 681 700 730 si
719 691 805 750 postte
826 699 917 733 sersus
937 680 966 734 hi
988 698 1062 752 sunt,
1072 695 1215 762 purgatio,

167 759 319 830 animmque
336 759 364 810 in
380 759 521 830 pristinam
540 758 685 828 puritatem
703 757 820 811 utliereoe
838 771 941 814 noturoe
957 764 1136 820 restituuntur.
1149 775 1216 843 745,

170 838 236 907 746,
251 839 309 908 747.
321 839 383 892 Post
394 835 469 890 mille
481 857 565 890 annos
575 837 586 908 (
595 856 649 890 nou
667 836 804 906 definitur,
820 842 1036 912 purgationisue,
1049 863 1097 910 su,
1116 869 1147 902 cn
1157 872 1218 922 per.

172 929 246 982 acta,
261 919 333 972 mille
349 921 425 972 anuis
445 920 514 970 iuter
529 917 610 990 Elysii
622 917 732 970 delicias
751 920 868 991 exactis)
886 921 1024 974 animabus
1042 923 1082 976 bis
1097 933 1218 984 omnibus

168 993 181 1064 (
195 997 245 1065 748
258 997 268 1067 )
280 1017 346 1050 noua
365 1016 473 1069 corpora
489 1007 551 1050 sunt
567 997 752 1069 ingrediendar
772 997 844 1068 quod
854 1008 996 1072 numquam
1000 999 1070 1072 fiat,
1088 1007 1168 1060 Lethe
1180 1013 1217 1062 ιη’.

170 1075 255 1126 benda
266 1087 318 1141 est,
332 1077 497 1147 748-7513
508 1076 647 1146 quiamnis
663 1075 742 1146 Elysii
754 1074 819 1129 lines
831 1078 1027 1148 praeterlabitur
1038 1081 1107 1152 (7⁰5
1115 1089 1133 1158 ).
1147 1089 1216 1143 lllud

170 1154 251 1224 igitur
260 1173 314 1206 uon
324 1153 443 1207 declarat
456 1167 553 1226 poeta,
565 1155 600 1219 ti,
610 1167 671 1224 post
686 1153 801 1206 reditum
811 1155 883 1208 huuc
895 1159 923 1208 iu
938 1176 1066 1228 corpora,
1081 1165 1176 1220 iterum
1189 1173 1216 1222 in

168 1234 276 1286 inferna
287 1235 348 1288 loca
362 1235 561 1300 descenderint,
573 1236 723 1306 iterumque
735 1249 854 1306 purgatae
866 1239 979 1304 luerint,
993 1257 1132 1313 semperne
1146 1250 1216 1303 idem

171 1331 260 1366 rerum
273 1315 361 1384 orbis,
373 1315 471 1368 endem
482 1315 552 1368 vices
567 1315 710 1368 subeundas
722 1317 789 1380 siut,
799 1335 848 1382 au,
861 1318 934 1389 quud
947 1338 1086 1376 commuue
1099 1327 1149 1378 luit
1161 1331 1219 1382 Pla-

172 1396 229 1446 toni
239 1393 249 1464 (
260 1413 284 1446 v.
298 1396 366 1468 iupr.
384 1398 527 1456 Timaeum
547 1409 601 1446 tum
616 1397 644 1447 in
657 1395 767 1447 Phaedro
783 1415 809 1466 p.
833 1413 906 1450 tata.
919 1399 1042 1452 Phaedon.
1054 1423 1080 1474 p.
1095 1407 1172 1474 841),
1186 1411 1219 1463 de

169 1475 238 1546 Rep.
250 1496 276 1547 p.
291 1477 338 1545 761
358 1478 390 1528 D.
403 1477 433 1526 E.
444 1475 455 1546 )
467 1495 528 1528 cum
544 1477 672 1547 AEgyptiis
687 1489 712 1528 et
725 1475 894 1548 Pythagoreis
913 1479 1058 1557 placitum,
1071 1491 1119 1539 etsi
1139 1493 1219 1543 variis

173 1553 260 1606 modis
272 1558 371 1626 passim
382 1555 558 1619 illustratum,
578 1556 670 1606 animet
685 1553 735 1606 illte
751 1568 813 1626 post
825 1557 885 1607 satis
900 1558 997 1610 multas
1013 1564 1183 1634 migrationes
1193 1573 1221 1622 in

172 1652 300 1704 corpora;
310 1648 335 1688 et
343 1637 469 1706 repetitas
477 1633 659 1706 purgationes,
666 1633 774 1686 tandem
782 1635 820 1686 ita
827 1637 901 1688 omui
911 1635 971 1690 labe
980 1638 1099 1695 abstersa
1110 1647 1220 1715 niteant,

173 1726 202 1764 ut
220 1713 314 1766 divinae
333 1728 431 1766 naturai
443 1715 539 1766 iterum
552 1713 753 1778 assimulantur,
771 1714 800 1764 in
818 1713 887 1766 hano
904 1716 1089 1786 revolvantur,
1107 1723 1160 1793 dii,
1173 1745 1221 1781 seu

173 1793 304 1846 demones
315 1793 394 1859 liant,
406 1793 499 1846 saltem
512 1795 539 1844 in
550 1809 642 1844 eorum
655 1793 844 1846 commercium
858 1793 1048 1860 admittantur3
1064 1814 1123 1870 aut,
1136 1817 1163 1856 nt
1175 1807 1221 1858 alii

173 1875 340 1946 exprimunt,
352 1879 379 1928 in
392 1876 490 1939 solem,
503 1876 531 1926 in
543 1873 648 1939 sidera,
659 1875 688 1925 iu
702 1873 810 1937 ooelum,
823 1876 851 1924 in
863 1874 968 1926 beatam
979 1876 1069 1930 sedem
1080 1884 1223 1940 traduc-an.

174 1955 273 2020 tur,b.
285 1976 308 2008 e.
322 1956 356 2008 ad
369 1958 484 2007 animam
498 1953 590 2006 mundi
604 1967 760 2024 cognatam,
773 1965 902 2023 tanquam
915 1954 949 2006 ad
960 1956 1062 2009 fontem
1079 1979 1170 2030 suum,
1184 1988 1225 2020 re.

175 2035 266 2088 deant.
277 2038 334 2086 lloc
346 2035 416 2086 idem
425 2034 555 2086 Pindarus
568 2032 634 2084 duit
644 2032 752 2103 Olymp.
763 2033 801 2098 ll,
817 2033 865 2083 123
875 2051 952 2104 sqq,
965 2049 1026 2104 post
1035 2041 1117 2092 trinas
1127 2048 1224 2118 migra.

176 2111 261 2167 tiones
281 2135 355 2178 cum,
375 2117 421 2185 qui
436 2117 507 2184 juste
526 2115 632 2176 vixerit,
650 2113 678 2164 in
697 2112 813 2183 Elysium
825 2114 979 2183 persertim
995 2130 1054 2182 aut,
1068 2132 1096 2170 ut
1113 2124 1140 2174 in
1152 2128 1224 2198 frag-

174 2209 266 2247 mento
281 2215 324 2265 ap.
338 2195 402 2246 Plat.
416 2197 444 2245 in
459 2195 574 2246 Menoue
586 2194 616 2243 Τ.
632 2193 669 2256 11,
682 2211 708 2262 p.
723 2192 753 2244 81
768 2192 839 2262 Opp.
851 2205 907 2256 ost,
920 2195 989 2246 iuter
1004 2196 1099 2251 heroes
1112 2205 1222 2270 referri;

175 2277 250 2347 quod
265 2277 336 2327 idem
345 2273 519 2346 Empedocles
531 2285 659 2342 sequutus
672 2285 744 2334 erat,
757 2283 788 2322 nt
796 2290 829 2324 ex
840 2274 896 2342 ejus
908 2274 1058 2346 fragmento
1067 2281 1224 2356 intelligitur

178 2377 222 2429 ap.
234 2357 360 2409 Clement.
372 2354 446 2407 Alex.
457 2354 553 2406 Strom.
566 2355 615 2420 lV,
628 2371 654 2423 p.
668 2352 720 2404 633
729 2352 816 2404 Oxou.

212 2435 308 2487 Totum
320 2434 392 2486 hunc
401 2434 490 2486 locum
502 2450 556 2484 non
569 2444 623 2483 tam
636 2449 666 2483 ex
678 2429 856 2502 pbilosophis,
870 2450 949 2504 quam
958 2453 990 2486 ex
998 2436 1152 2510 vulgaribus
1163 2449 1223 2518 opi·

172 2517 301 2570 aioaibus
325 2533 382 2568 esse
405 2515 609 2576 concinnatum,
631 2510 811 2562 contendebat
828 2511 992 2566 Moshemius
1011 2515 1046 2568 ad
1062 2521 1222 2586 Cudwortlr,

177 2615 205 2667 p.
221 2597 286 2662 1043
298 2595 319 2665 §.
331 2614 355 2665 9.
372 2591 441 2646 lllud
453 2591 560 2663 quidem
578 2592 641 2642 satis
654 2589 757 2660 liquere
778 2602 858 2660 puto,
878 2611 909 2644 ex
930 2594 1031 2664 vulgari
1051 2605 1225 2658 vetustiorum

178 2675 326 2746 theologia,
341 2673 375 2724 ab
388 2673 531 2743 Egyptiis,
548 2683 578 2722 ut
595 2668 736 2740 probabile
754 2667 796 2734 lit,
815 2671 902 2740 primo
916 2675 1012 2741 petita,
1025 2687 1051 2726 et
1064 2679 1225 2750 symbolice,

176 2770 207 2808 ut
218 2759 305 2828 prisco
319 2772 374 2806 sevo
387 2752 443 2804 lieri
455 2769 563 2804 necesse
582 2763 655 2815 erat,
672 2767 810 2820 expressa,
826 2751 1059 2823 Pythagoricorum
1073 2758 1225 2814 Platonico-

173 2854 288 2906 rumque
302 2852 356 2886 non
367 2834 453 2884 miuus
466 2849 546 2902 quam
563 2831 747 2904 mysteriorum
760 2829 955 2882 Eleusiniornm
967 2833 1066 2903 placita
1084 2837 1117 2890 de
1131 2842 1223 2896 interis

173 2913 338 2970 susstinens
350 2930 400 2962 uec
408 2923 497 2962 tamen
508 2910 643 2981 intelligo,
656 2909 793 2978 quomodo
803 2908 878 2960 mille
885 2911 952 2961 unni
959 2925 985 2963 et
995 2913 1074 2964 Lethe
1081 2929 1144 2984 pora
1155 2922 1224 2974 incer

177 2995 248 3064 vulgi
264 2991 367 3064 mythos
384 2991 477 3042 referri
498 2991 617 3059 possint,
637 3007 694 3058 quor
715 2987 824 3058 quidem
843 2992 982 3042 manifeste
1004 3005 1064 3042 sunt
1085 2997 1222 3054 Platonica

175 3085 334 3128 commenta.
352 3070 404 3122 Sed
424 3071 531 3120 omniuo
550 3071 590 3118 vir
610 3067 655 3119 ille
678 3085 809 3132 summus,
828 3071 855 3122 in
868 3071 1010 3123 subtilibus
1032 3079 1221 3142 questionibus

176 3152 311 3206 solvendis
324 3149 522 3220 sagacissimus,
535 3159 672 3216 poetarum
685 3149 815 3216 interpres
832 3161 889 3200 erat
905 3168 999 3219 parurn
1012 3151 1138 3220 idoneus,
1151 3173 1180 3208 ut
1191 3177 1223 3212 ex

178 3245 235 3284 tota
248 3230 294 3282 illa
307 3227 486 3299 disputatione
503 3227 644 3278 Homerica
663 3228 727 3276 satis
746 3225 891 3297 intelligam
910 3231 972 3290 item
989 3231 1172 3301 inquestione
1190 3239 1223 3292 de

177 3310 344 3384 stigmatibus
361 3308 509 3360 animorum
528 3303 575 3375 (v.
594 3308 657 3358 Not.
679 3305 713 3358 ad
734 3324 759 3356 v.
780 3305 931 3378 735-739
944 3309 961 3379 )
981 3313 1038 3363 lloo
1050 3312 1100 3365 sibi
1115 3323 1222 3373 omnino

176 3411 333 3467 persuasum
345 3388 475 3452 babeant,
489 3405 596 3439 necesse
614 3399 667 3450 est,
684 3387 842 3439 vetustiores
860 3389 1038 3460 philosophiae
1048 3395 1223 3467 interpretes,

178 3475 235 3528 lieri
248 3473 325 3544 plane
337 3489 391 3522 uon
411 3486 507 3540 posse,
519 3481 548 3519 ut
568 3469 711 3538 quicquam
731 3466 873 3538 proficiant
892 3471 919 3520 in
941 3473 1183 3541 antiquissimorum
1197 3497 1223 3534 et

178 3573 286 3617 eorum,
299 3553 403 3622 quiens
417 3561 579 3620 sequuntur,
594 3547 816 3618 philosophorum
830 3547 999 3620 dogmatibus
1011 3553 1187 3624 intelligendis
1198 3575 1225 3612 et

177 3631 314 3696 eruendis,
329 3632 380 3682 nisi
396 3632 448 3680 viui
465 3642 492 3682 et
508 3631 639 3682 rationem
661 3630 795 3699 poetieam
816 3632 1040 3699 antiquissimam,
1060 3636 1176 3705 mythira
1197 3655 1222 3692 et
1295 3629 1298 3634 ¹

175 3712 323 3786 symbolica
342 3728 450 3774 eorum,
470 3727 528 3780 quta
549 3710 778 3780 excogitaverant,
793 3707 827 3760 ad
842 3727 948 3762 sensum
965 3714 1129 3778 expositione
1141 3730 1167 3768 et
1179 3737 1222 3771 re-

179 3793 382 3865 praesentatione
396 3790 485 3842 omniu
504 3791 700 3852 enuntiantem,
713 3788 871 3841 familiarem
886 3789 937 3842 sihi
949 3789 1121 3843 reddiderint.
1134 3797 1222 3863 Quum

178 3894 211 3926 ra
224 3887 299 3926 atate
312 3873 440 3924 sermonis
457 3869 577 3922 nondum
589 3883 658 3921 essct
673 3870 804 3922 subtilitas
819 3889 864 3937 ea,
883 3882 912 3921 ut
929 3873 1037 3940 proprie
1050 3874 1146 3929 efferre
1159 3897 1223 3948 pos.

179 3964 237 4004 scat
252 3970 293 4004 res
307 3949 503 4021 intelligibiles,
516 3961 598 4018 utque
608 3949 676 4001 adeo
689 3969 722 4002 ue
735 3950 883 4020 cogitarent
894 3950 1001 4020 quidem
1011 3951 1067 4004 sine
1078 3957 1224 4026 symbolica

179 4031 270 4102 aliqua
287 4031 535 4102 repraesentatione,
550 4029 608 4082 buri
620 4029 698 4082 aliter
709 4048 763 4082 nou
777 4043 894 4100 poterat,
912 4049 993 4102 quam
1005 4045 1034 4082 ut
1046 4035 1167 4106 raythicis
1181 4041 1227 4090 inq

180 4109 311 4179 uolucris,
330 4129 383 4162 auu
396 4127 500 4162 orconoe
519 4107 643 4162 doctrina
662 4111 765 4174 studio,
786 4109 859 4181 qnod
878 4129 976 4164 usuum
987 4122 1027 4162 est
1039 4113 1163 4180 credere,
1175 4117 1223 4170 sed

251 4199 275 4250 3.
1012 4201 1044 4259 ιδ
