3028 4682
269 315 331 395 248
600 316 868 387 excursus
891 325 983 389 xiv
1076 270 1079 280 '

231 516 236 522 .
269 441 364 510 pulcra
379 439 429 490 isto
441 456 516 491 sacra
528 452 672 510 parantur,
685 455 740 494 tum
753 443 819 514 (lib.
833 447 910 519 vul)
928 446 953 500 S.
975 447 1112 504 Ludevico
1125 454 1209 505 visum
1223 455 1324 526 objicio,

270 533 328 585 tur,
341 537 394 590 quo
411 521 438 570 in
455 519 548 571 calum
561 519 702 592 abreptus,
717 526 877 578 munitiones
894 527 1024 594 caelestes,
1043 549 1096 582 non
1109 532 1179 584 male
1197 535 1322 587 versibus

269 597 373 670 aliquot
389 598 550 667 descriptas,
564 599 660 665 intrat,
673 620 721 672 per
733 603 824 672 plures
839 605 956 675 sphaeras
969 627 1000 660 ac
1013 610 1105 662 caelum
1122 613 1319 684 crystallinum,

270 679 379 732 tandem
394 675 529 729 adsedem
548 677 655 730 beatam
675 682 811 749 pervenit,
831 685 907 754 cujus
928 687 1095 756 (seeundum
1116 690 1209 742 Dentis
1227 711 1318 744 exem-

268 759 343 829 plum
355 758 366 828 )
378 757 484 810 diversa
492 770 568 829 septa
581 771 658 820 sunt;
671 761 758 830 primo
770 763 901 830 infantes,
915 766 999 818 altero
1012 771 1061 820 viri
1071 773 1168 837 tancti,
1182 774 1260 823 tertio
1272 772 1319 824 he-

267 853 327 892 roes
347 839 410 891 belli
429 840 556 910 pacisque
570 839 686 906 artibus,
700 853 725 892 et
738 847 908 913 generosiore
922 847 1011 918 aliqua
1021 852 1118 903 virtute
1130 853 1245 924 insignes
1258 871 1319 904 rer-

268 933 370 972 santur.
382 919 478 972 Subter
489 921 538 970 Dei
552 918 647 972 tlsreno
660 939 711 972 vox
728 925 795 986 exit,
809 943 866 994 quae
877 925 1006 980 Ludovici
1024 931 1079 982 fata
1091 946 1247 1003 praemonet;
1264 933 1319 984 alias

269 1003 325 1070 ejus
337 1001 392 1050 suta
405 999 503 1051 throno
516 999 648 1070 insculpta
661 1013 738 1067 sunt,
752 1004 798 1072 qui
811 1023 871 1054 eum
884 1005 1030 1076 aliquando
1043 1011 1070 1062 in
1083 1011 1146 1062 caelo
1159 1025 1321 1084 excepturus

267 1091 321 1140 cst;
335 1078 443 1130 tandem
455 1080 618 1150 posteritatis
636 1081 729 1146 series,
751 1083 915 1150 ecfertum,
928 1085 955 1136 iu
972 1085 1072 1141 lumine
1090 1091 1160 1141 intra
1174 1091 1316 1163 caliginem

268 1159 408 1230 explicito,
421 1159 515 1212 elucet.

302 1241 344 1291 An
356 1253 437 1310 poeta
450 1239 545 1310 aliquis
558 1239 674 1293 Platonis
686 1235 750 1296 idias
760 1255 786 1294 et
796 1245 931 1316 exemplar
942 1265 1030 1298 rerum
1042 1261 1166 1301 aeternum
1179 1249 1213 1302 nd
1224 1253 1320 1302 futura

267 1319 452 1372 adumbrantia
464 1319 630 1388 adhibuerit,
642 1322 753 1392 ignom
767 1341 816 1374 nee
827 1322 879 1376 hoc
892 1343 963 1378 nunc
974 1331 1117 1395 succurrit,
1129 1350 1209 1398 num,
1220 1345 1317 1402 praeter

267 1399 408 1452 Messiadis
426 1415 575 1465 auctorem,
593 1399 660 1451 alius
678 1414 759 1471 poeta
776 1401 948 1472 propheticas
966 1417 991 1457 et
1008 1409 1131 1478 mysticas
1145 1410 1239 1460 futurae
1255 1411 1315 1460 vitre

267 1479 514 1548 repmsentationes
527 1479 554 1529 in
569 1496 646 1530 suurn
659 1497 765 1532 carmen
776 1482 909 1547 intulerit,
922 1495 968 1534 aut
981 1503 1067 1539 aeones
1086 1500 1112 1538 et
1125 1487 1179 1539 alia
1195 1489 1223 1540 in
1238 1489 1318 1540 certis

267 1557 479 1609 Christianorum
491 1557 566 1610 libris
579 1575 610 1609 ac
622 1559 701 1609 sectis
714 1557 828 1610 adhunc
840 1579 895 1611 rem
908 1562 988 1615 obvia
1000 1563 1035 1616 ad
1046 1567 1181 1635 poeticum
1193 1579 1316 1618 ornatum

268 1636 509 1702 adhibueri13nant
529 1638 566 1688 ita
585 1636 708 1688 aberrare
726 1637 808 1688 nolim
829 1657 1006 1711 quemqnam,
1024 1655 1054 1693 ut
1066 1663 1116 1714 pro
1135 1644 1318 1696 doctrinarum

267 1716 373 1787 placitis
386 1718 441 1769 hoc
452 1730 499 1768 aut
512 1716 609 1769 similia
622 1715 700 1766 nobis
713 1717 861 1786 impertiat;
875 1719 959 1790 quid?
978 1721 1050 1791 quod
1065 1743 1114 1775 nec
1126 1725 1247 1788 memini,
1260 1725 1318 1775 etti·

271 1813 351 1864 quam
364 1797 389 1845 in
402 1809 517 1848 mentem
529 1795 618 1846 venire
631 1807 771 1861 conatum,
783 1808 813 1845 ut
827 1796 1008 1870 Apocalypsin
1023 1801 1133 1856 Joannis
1150 1804 1266 1854 carmine
1277 1802 1318 1853 la·

269 1875 342 1939 tino,
355 1885 401 1924 aut
413 1875 479 1940 alio,
494 1871 626 1926 redderet.
641 1873 833 1925 Brachmanum
848 1893 955 1948 quoque
966 1891 992 1930 et
1001 1879 1128 1932 Indorum
1138 1883 1254 1946 somnia,
1264 1881 1316 1932 etsi

269 1975 339 2009 vatia
351 1966 376 2005 ct
389 1954 522 2018 absurda,
535 1953 618 2004 multa
634 1963 722 2004 tamen
741 1950 856 2018 habent,
876 1954 973 2026 quihus
992 1976 1103 2030 magnus
1123 1959 1218 2031 aliquis
1234 1971 1316 2029 poeta

270 2039 373 2110 egregie
386 2039 425 2088 uti
435 2037 527 2108 possit.

304 2116 356 2168 Sed
368 2116 446 2169 video
456 2135 498 2170 me
510 2111 601 2186 paullo
613 2113 718 2186 longius
726 2115 897 2184 processisse.
907 2115 1066 2168 Revocands
1077 2119 1157 2188 igitur
1168 2117 1314 2188 disputatio

270 2197 298 2249 in
310 2198 389 2248 viam.
403 2195 509 2248 Scilicet
525 2196 547 2246 si
560 2205 708 2246 commenta
721 2191 777 2244 lrtee
790 2195 880 2245 omnia
898 2211 957 2246 eum
968 2195 1112 2267 Virgiliana
1125 2199 1228 2249 ratione
1244 2215 1317 2248 cotn-

268 2294 363 2348 pares‚
384 2275 452 2328 hanc
468 2275 548 2327 facile
564 2275 682 2325 omnium
698 2271 877 2324 felicissimam
895 2289 953 2324 esse
966 2272 1161 2345 deprehendat.
1181 2274 1319 2326 Transmi-

269 2359 391 2429 gratione
404 2359 552 2408 animarum
568 2356 596 2406 in
611 2371 681 2406 nova
696 2369 810 2423 corpora
824 2352 905 2404 semel
923 2355 1026 2424 posita,
1040 2355 1104 2425 quid
1121 2357 1315 2426 opportunius,

272 2456 352 2508 quam
365 2456 456 2489 earum
472 2449 532 2487 ante
551 2435 699 2505 ingressum
715 2433 741 2482 in
759 2433 840 2482 vitam
856 2449 954 2483 novam
969 2451 1109 2496 recensus;
1126 2434 1173 2486 sed
1191 2452 1318 2487 recensus

270 2513 315 2566 hic
327 2516 377 2566 sub
390 2515 490 2566 Lethen
500 2514 609 2583 jamjam
622 2509 784 2582 potandam,
796 2509 838 2562 vel
853 2512 922 2563 inter
938 2513 1100 2584 potandum
1113 2527 1138 2567 et
1150 2516 1315 2586 posteritatis

268 2605 323 2644 tam
334 2594 423 2655 claree3
436 2607 462 2645 et
478 2595 564 2643 lactus
577 2611 593 2643 a
604 2591 776 2662 progenitore
788 2591 894 2659 stirpis}
908 2603 934 2642 et
944 2596 1080 2663 expositus
1097 2593 1165 2659 titio,
1183 2613 1214 2646 ae
1224 2596 1315 2666 stirpis

271 2669 390 2741 ejusdem
403 2672 518 2732 auctori;
533 2685 558 2720 et
570 2669 673 2740 vulgari
685 2667 718 2720 de
731 2667 803 2720 lulis
815 2680 893 2739 gente
906 2671 1028 2741 opinioni
1038 2685 1247 2738 consentaneus,
1259 2676 1315 2724 An·

270 2763 403 2822 gustuque
417 2750 484 2804 adeo
500 2750 656 2822 populoque
671 2750 791 2800 Romano
802 2762 856 2800 tam
871 2752 1103 2816 commendabilis;
1112 2753 1241 2806 descensu
1251 2771 1317 2824 quo·

272 2847 324 2901 que
335 2829 369 2881 ad
381 2833 481 2883 iuleros
494 2831 580 2895 lacto,
594 2831 620 2880 in
630 2829 690 2880 loco
704 2839 758 2878 tam
771 2829 973 2880 accommodato
986 2850 1017 2883 ex
1026 2831 1129 2904 vulgari
1142 2833 1268 2903 opinione
1280 2831 1315 2884 de

270 2909 490 2972 Aven1050mnia
502 2921 555 2960 tam
566 2905 691 2979 preclare
704 2907 858 2977 conspirant
870 2907 904 2958 ad
917 2909 1083 2979 probabilem
1098 2910 1215 2981 aliquam
1225 2929 1315 2962 rerum

272 2991 421 3054 rationem,
433 3001 478 3054 ut,
493 2988 557 3060 quid
574 2991 601 3039 in
612 2988 706 3039 ceteris
726 2987 813 3057 poetis
832 3005 892 3038 cum
906 2987 958 3041 hoc
971 2989 1179 3061 comparandum
1192 3008 1249 3043 esse
1260 3009 1316 3062 pu·

272 3081 339 3134 tem,
355 3067 469 3121 habeam
486 3068 560 3120 nihil.
573 3067 685 3140 Virgilio
701 3085 764 3119 sane
781 3069 890 3118 omnino
908 3071 992 3139 major
1005 3070 1063 3122 laus
1078 3071 1186 3122 inventa
1200 3069 1314 3122 aliorum
1346 3117 1350 3128 ,

272 3148 401 3214 ornandi,
419 3169 499 3221 quatu
516 3167 586 3201 nova
599 3145 767 3220 excogitandi
779 3151 916 3212 convenit5
931 3151 1045 3202 inventis
1055 3164 1142 3202 tamen
1155 3151 1247 3203 alienis
1259 3163 1315 3203 tant

270 3231 390 3283 sollerter
410 3231 543 3282 interdum
556 3249 618 3282 usus
633 3243 687 3296 est,
700 3241 728 3280 ut
741 3229 870 3300 aequalem
881 3247 940 3281 cum
957 3234 1043 3302 primo
1054 3233 1191 3283 inventore
1205 3230 1313 3284 laudem

271 3325 412 3365 merentur.
427 3313 497 3363 lnter
508 3311 564 3362 hac
580 3328 709 3382 ponemus
727 3309 884 3362 descensum
899 3312 987 3364 AEneae
999 3310 1034 3364 ad
1047 3313 1155 3364 inferos.
1168 3313 1316 3362 Homerum

270 3390 344 3444 haud
359 3391 439 3443 dubie
456 3403 517 3444 aute
532 3391 623 3443 oculos
638 3391 744 3452 habuit;
759 3403 785 3442 at
802 3391 835 3442 ab
848 3392 989 3446 Homerica
1001 3393 1113 3465 Herpis,
1124 3403 1238 3465 quantus
1249 3393 1317 3444 artis

271 3484 297 3522 et
307 3473 405 3543 ingenii
417 3489 572 3544 progressus
583 3471 616 3524 atl
628 3471 745 3526 AEncidis
754 3469 852 3522 librum
862 3475 979 3523 sextum!
