2996 4694
755 249 780 286 is

295 386 334 450 16
539 387 573 449 P.
597 381 829 450 VIRGlLll
852 387 1082 456 MARONIS

289 512 368 572 Mox
381 508 480 573 ltalus
491 508 699 589 Mnestheus,
712 533 815 598 genus
827 533 846 574 a
858 535 925 600 quo
938 515 1073 578 nomine
1086 515 1241 597 Memmi3

291 618 530 704 lugentemque
542 615 627 704 Gyas
639 615 764 704 ingenti
776 617 863 681 mole
876 616 1086 698 Chimaeram,

290 721 389 785 Urbis
402 743 499 809 opus,
514 720 634 808 triplici
646 720 752 808 pubes
765 743 864 810 quam
876 721 1028 788 Dardana
1040 747 1138 789 versu

291 827 474 916 Inpellunt3
486 846 583 892 terno
595 845 798 916 consurgunt
810 828 927 894 ordine
939 832 1039 912 remi3

287 935 537 1023 Sergestusque,
552 933 670 998 domus
681 950 772 998 tenet
783 957 802 998 a
815 957 882 1023 quo
894 936 1004 1024 Sergia
1016 959 1153 1017 nomen,

290 1043 455 1106 Centauro
468 1041 636 1106 invehitur
647 1065 781 1129 magna,
794 1042 966 1132 Scyllaque
978 1043 1158 1111 Cloanthus

289 1147 448 1226 Caerulea,
462 1169 567 1235 genus
580 1146 670 1211 unde
682 1147 756 1227 tihi,
771 1150 918 1213 Romane
931 1150 1073 1214 Cluenti.

330 1255 389 1318 Est
400 1253 516 1343 procul
527 1252 561 1314 in
574 1252 691 1340 pelago
704 1274 816 1317 saxum
828 1257 1014 1340 spumantia
1027 1272 1142 1320 contra

287 1360 412 1439 Litora,
426 1356 517 1447 quod
529 1355 664 1421 tumidis
677 1356 884 1420 submersum
896 1358 1049 1424 tunditur
1061 1359 1141 1425 olim
1288 1375 1329 1418 125

319 1553 370 1598 ss7.
388 1536 544 1598 Expectabam
561 1550 626 1590 mos,
646 1546 697 1596 post
712 1533 838 1580 adventum
858 1537 883 1581 in
901 1534 1004 1591 ltaliam,
1025 1553 1111 1584 nomen
1127 1537 1242 1584 Mnesthei
1263 1536 1330 1584 aliter

285 1608 356 1654 leuse
366 1606 484 1654 inflexum.
500 1607 579 1660 Nunc,
594 1619 620 1652 ut
628 1619 675 1662 est,
690 1606 866 1668 accipiendum:
877 1607 1025 1664 Mnestheus,
1040 1625 1094 1654 mos
1105 1609 1176 1655 ltalus
1186 1610 1289 1663 iuturus,
1306 1621 1330 1655 et

285 1691 379 1738 pentem
396 1680 431 1724 sui
450 1679 551 1724 nominis
568 1678 743 1722 constituturus.
764 1675 837 1722 Holus
857 1677 926 1723 Goth.
944 1693 990 1725 sce.
1007 1695 1022 1724 a
1038 1694 1083 1741 quo
1099 1683 1206 1744 sanquine
1223 1677 1330 1724 Perrhae.

285 1751 380 1794 Memmi
388 1747 478 1794 doctius
487 1762 530 1809 pro
539 1749 682 1794 nominativo
691 1744 778 1808 plurali
791 1745 902 1803 babetur,
916 1763 960 1810 pro
969 1747 1058 1810 vulgari
1067 1748 1244 1801 Memmiorum,
1259 1761 1331 1808 quam

284 1830 312 1866 ut
328 1819 357 1864 sit
370 1833 441 1881 penus
453 1819 565 1873 Memmii,
583 1817 606 1862 h.
623 1833 643 1863 e.
660 1815 785 1862 Mnesthei.
801 1817 925 1862 Memmum
940 1817 1043 1874 Zalich,
1058 1818 1121 1865 unde
1136 1819 1214 1863 licias.
1230 1815 1330 1862 iaciebat

285 1891 424 1936 Memmium.
436 1913 468 1924 —
483 1889 531 1934 118.
545 1890 599 1934 Gs'as
611 1888 716 1934 scribunt
727 1886 774 1933 alii.
784 1911 817 1922 -·
828 1903 877 1948 ¹¹9·
887 1904 953 1952 quem
963 1889 1054 1952 Menag.
1065 1906 1100 1952 pr.
1112 1904 1180 1952 quam
1188 1886 1259 1950 pultes
1269 1888 1329 1932 Ven.

284 1985 317 1995 -
331 1975 380 2006 sau.
398 1958 497 2022 Impellit
508 1959 581 2006 codex
598 1959 662 2022 apud
678 1959 738 2004 Pier.
756 1971 779 2004 et
795 1971 841 2005 tres
855 1960 918 2022 apud
930 1962 1022 2017 burm,
1036 1960 1102 2023 quod
1115 1959 1209 2022 sulqare
1223 1971 1289 2003 esset.
1299 1983 1331 1994 -

288 2045 338 2076 saa.
350 2029 439 2076 uehitur
448 2030 497 2076 duo
506 2032 584 2076 Burm.
594 2043 676 2094 maqtsa
688 2040 722 2074 est
731 2029 794 2091 apud
805 2031 919 2087 Nonium,
930 2033 995 2076 etsie
1008 2031 1098 2093 aliquot
1107 2047 1144 2092 ap.
1155 2031 1229 2084 Pien,
1241 2030 1282 2074 sed
1295 2029 1330 2074 al·

285 2115 359 2150 terum
370 2105 473 2158 doctius,
482 2104 511 2148 ad
518 2118 597 2148 navem
604 2114 745 2148 revocatum.
754 2127 787 2137 -
795 2102 846 2148 123.
855 2102 969 2160 Cleanthi,
978 2102 1107 2158 Chloantlsi,
1115 2102 1221 2157 Choanti,
1231 2101 1319 2148 Cluenti
1323 2138 1330 2158 ,

285 2171 383 2228 Cluenti,
402 2171 494 2220 Cloaute
506 2171 545 2218 alii
555 2173 671 2219 aberrant.
684 2197 715 2210 —
729 2171 779 2228 sari.
798 2171 844 2218 Ast
853 2173 926 2219 walt.
942 2175 974 2219 m
985 2176 1044 2219 Ven.
1054 2195 1086 2210 -·
1100 2173 1149 2218 125.
1170 2172 1269 2218 unitur
1284 2184 1330 2219 tres

321 2329 379 2384 ¹¹7·
392 2313 458 2367 Cum
472 2317 646 2386 grammatica
657 2317 726 2367 inter
739 2335 782 2368 ce·

181 2439 186 2448 .
283 2407 353 2446 teras
366 2407 434 2446 artes
447 2397 530 2446 serint
548 2397 670 2465 perfecta
684 2396 780 2446 fuerit:

284 2472 444 2544 etymologia
474 2475 608 2542 inprimis,
637 2473 672 2524 ad
695 2485 781 2525 certas

283 2555 400 2604 rationes
415 2551 489 2604 haud
500 2565 639 2616 revocata,
658 2555 728 2604 intra
742 2553 783 2604 lu-

284 2651 341 2684 sum
361 2634 417 2684 fere
436 2631 578 2683 verborum
594 2631 719 2682 substitit.
737 2633 782 2683 Di-

284 2730 342 2780 cas,
353 2710 488 2782 quomodo
499 2730 530 2763 ex
539 2710 689 2763 Mnestheus
698 2711 783 2761 Mem·

185 2825 189 2832 -
283 2792 333 2843 mii
345 2809 441 2842 nomen
454 2789 549 2842 confici
560 2791 666 2861 potuit?
677 2790 782 2842 Scilicet

284 2873 415 2940 esuriet-u
429 2871 510 2926 latine
522 2889 642 2924 versum:
653 2869 781 2935 μνησθεὶς,

284 2952 355 3004 unde
370 2946 501 3016 usuvenit,
514 2951 561 3023 qui
573 2951 702 3002 meminit.
719 2951 782 3001 Mox

283 3032 387 3104 Sergius
394 3031 545 3103 exSetyesto
553 3049 606 3082 non
617 3032 703 3081 minus
714 3030 782 3081 dura

284 3126 324 3164 est
334 3111 500 3182 etymologia.
513 3108 629 3161 Cluentii
641 3127 672 3160 es
686 3107 782 3161 Cloan-

285 3189 360 3254 thus,
379 3189 521 3240 Cloanthii.
545 3187 627 3258 Apud
652 3189 780 3258 Pompon.

283 3271 344 3324 Sab.
366 3272 446 3322 etiam
466 3268 518 3320 hoc
543 3268 660 3340 legitur:
684 3269 783 3323 Probus

286 3349 343 3402 vult
354 3349 425 3402 lsunc
437 3348 524 3400 locum
540 3359 654 3400 sumtum
672 3368 688 3398 a
696 3349 782 3421 primo

286 3431 352 3484 bello
371 3431 474 3482 Punico
491 3429 621 3503 (Naevii).
642 3429 783 3484 Praeiverat

285 3513 353 3562 forte
366 3513 392 3562 in
405 3511 446 3561 his
460 3509 544 3560 Varro
563 3509 590 3559 in
607 3508 676 3561 libro
693 3510 724 3561 de
739 3511 783 3580 fa-

286 3587 367 3640 miliis
392 3589 519 3660 Trojuuis.
543 3589 659 3642 Nomina
677 3590 738 3662 Gyae
757 3601 783 3640 et

285 3666 409 3720 Cloanthi
422 3685 479 3737 sup.
493 3671 519 3733 l,
537 3671 595 3722 612.
613 3670 735 3721 vidimus.
748 3697 784 3708 -

285 3743 425 3818 iungenda
436 3758 523 3800 autem
532 3769 538 3797 ι
548 3748 712 3810 Mnestheus,
723 3763 783 3796 mox

286 3825 369 3880 Italus
383 3841 419 3875 ec.
433 3826 545 3876 futurus.

326 3901 780 3974 118-120.ctamaera,urttsopm.

287 3986 406 4036 Servius:
421 3981 457 4030 ita
468 3999 563 4051 meque
572 4020 581 4046 ,
595 3994 624 4032 ut
635 3983 724 4034 urbem
734 4000 783 4053 pu-

288 4077 359 4118 tores.
369 4063 477 4113 Diversa
486 4061 565 4130 igitur
573 4060 781 4112 rationedictum

831 2333 862 2367 ac
872 2318 893 2367 si
905 2339 910 2366 :
924 2316 1078 2386 Pyramides
1096 2333 1187 2387 sepum
1206 2333 1286 2385 opus,
1301 2313 1327 2364 h.

830 2414 853 2446 e.
868 2414 883 2446 a
895 2397 1001 2467 regibus
1014 2407 1183 2447 exstructum.
1196 2411 1220 2444 v.
1239 2409 1287 2464 ¹¹9
1303 2407 1331 2445 et

832 2491 883 2528 sao
895 2477 999 2528 classici
1012 2487 1074 2527 sunt
1085 2476 1112 2525 in
1124 2475 1235 2527 triremis
1244 2475 1331 2527 decla-

830 2555 915 2608 randa
928 2557 1015 2607 forma
1032 2568 1059 2606 et
1068 2551 1176 2624 'tripiici
1187 2555 1278 2605 ordine
1290 2573 1330 2606 re-

831 2653 934 2686 morum
948 2635 1129 2707 remigumque
1138 2651 1187 2704 per
1195 2631 1292 2704 gradus
1303 2635 1330 2684 in

832 2713 970 2785 obliquum
980 2711 1132 2766 asserendo.
1144 2711 1220 2762 Adde
1230 2713 1329 2762 Lucan.

829 2794 879 2856 lll,
899 2793 960 2859 534.
974 2792 1066 2844 Silium
1085 2791 1158 2854 XlV,
1176 2789 1227 2856 lai
1246 2809 1285 2860 sq.
1305 2805 1332 2844 et

830 2871 906 2923 Phot.
919 2872 985 2924 Cod.
999 2871 1143 2935 ccxxiv,
1154 2889 1176 2921 c.
1189 2869 1228 2935 14.
1240 2889 1264 2920 v.
1277 2871 1332 2920 Aa·

831 2951 924 3003 actim
936 2951 962 3004 d'
974 2949 1061 3004 Emol.
1074 2951 1150 3002 Tom.
1163 2949 1195 3000 V.
1217 2950 1330 3022 append.

831 3047 930 3097 versus,
944 3044 975 3082 ut
986 3030 1079 3095 mixte,
1095 3047 1145 3100 per
1159 3029 1276 3080 ordinem
1288 3046 1332 3080 ex-

831 3109 954 3180 plicatur.
968 3129 992 3161 s.
1004 3108 1062 3160 lnd.
1075 3111 1177 3161 Livian.
1191 3108 1246 3160 Etsi
1258 3110 1333 3160 trire-

832 3208 886 3240 mes
906 3191 989 3240 serins
1006 3191 1134 3254 invente,
1145 3201 1175 3240 ut
1187 3206 1219 3239 ex
1230 3187 1332 3258 Thucy·

830 3269 894 3322 dide
914 3271 978 3322 satis
1000 3283 1118 3335 constat,
1136 3282 1225 3320 tamen
1248 3268 1333 3334 Virgi-

831 3353 882 3404 lius
891 3354 918 3403 in
927 3350 969 3403 his
979 3354 1148 3404 Homericam
1158 3344 1331 3398 subtilitatem

831 3435 1024 3503 veritatemque
1037 3449 1091 3482 non
1103 3426 1230 3494 sequitur.

870 3512 1024 3576 rati—128.
1058 3501 1189 3572 Scopulus
1216 3503 1330 3558 hiberno

832 3603 951 3655 tempore
970 3583 1055 3653 (quod
1074 3582 1202 3650 exquisite
1219 3600 1268 3653 per
1280 3601 1331 3634 cae-

832 3667 886 3716 lum
899 3661 1015 3712 nubibus
1028 3659 1175 3711 obductum
1190 3660 1329 3730 designat:

828 3739 936 3793 ltihemi
952 3739 1070 3790 condunt
1091 3739 1136 3790 ubi
1154 3740 1246 3791 sidem
1260 3739 1330 3806 cori)

831 3818 955 3872 fluctibus
968 3818 1136 3870 sevientibus
1148 3818 1227 3879 latet,
1249 3814 1328 3866 undis

832 3899 996 3962 submersum
1015 3919 1096 3971 quum
1107 3907 1231 3950 moreest
1247 3895 1330 3966 placi-

832 3980 909 4045 dum,
921 3992 984 4033 tunc
996 3983 1053 4051 ipse
1064 3979 1211 4039 attollitur,
1222 3989 1252 4028 nt
1261 3975 1329 4026 bene

832 4058 934 4125 cerda,
958 4073 983 4114 et
995 4060 1118 4130 planities
1144 4055 1193 4108 soli
1215 4058 1242 4106 in
1262 4055 1328 4104 mari
