2956 4680
294 455 297 462 ⁴
347 450 409 530 432
683 439 1040 506 excursusnr

340 563 1398 638 nenaaqoenas,anamma„massanensi-trenaee„amna

339 665 437 702 nomen
454 646 611 716 impertiisse
630 643 745 696 deducta
764 661 794 694 ex
813 643 895 715 Lydia
914 643 1021 695 colonia
1039 657 1145 698 mature
1165 647 1307 702 traditum
1320 654 1368 704 fuit
1381 673 1398 702 ι

339 726 489 789 nonnullis,
504 741 570 794 quus
578 721 727 776 Herodotus
736 723 855 791 seqnitur
864 720 910 772 lib.
923 724 947 788 l,
959 723 1007 792 9l;
1021 736 1048 774 et
1055 741 1087 774 ex
1093 743 1127 774 eo
1134 723 1239 776 Strabo
1249 729 1285 793 V,
1297 749 1326 800 p
1336 730 1394 788 335,

338 807 404 866 336;
419 817 444 856 et
456 803 563 873 Dionys.
579 803 603 866 l,
618 815 658 869 27.
673 799 764 852 Vellei.
778 802 802 864 i,
820 801 883 865 1,4.
898 801 982 852 Tacit.
995 803 1063 852 Anu.
1078 801 1188 870 1V,55;
1202 807 1337 876 inprimi,
1347 809 1395 878 Li·

338 885 431 956 cophr.
449 883 527 945 1351,
544 881 618 950 1359.
633 881 772 951 Dionysius
784 893 810 932 et
825 879 892 930 illud
904 880 991 946 addit,
1003 883 1119 934 variasse
1136 884 1208 936 alios
1224 899 1253 936 et
1267 899 1394 958 tempora

331 979 363 1036 et
375 965 507 1027 homines,
521 973 547 1013 et
561 978 623 1012 vero
635 961 714 1010 etiam
730 961 864 1032 sapienter
875 973 983 1011 monete
997 977 1013 1010 a
1025 961 1136 1012 Xantho
1154 963 1252 1034 Lydo,
1273 969 1326 1035 qui
1344 985 1395 1035 pa-

337 1045 414 1094 triam
428 1041 565 1092 historiam
580 1041 789 1109 conscripserat,
810 1057 825 1089 a
842 1056 896 1108 quo
910 1037 977 1090 adeo
996 1041 1073 1091 unice
1089 1040 1142 1091 isac
1161 1044 1191 1090 in
1212 1061 1244 1093 re
1261 1043 1392 1094 standum

336 1133 408 1185 erat,
421 1138 469 1171 uec
481 1117 645 1190 Tyrrhenum
655 1135 768 1186 usquam
778 1118 932 1181 memorari,
946 1137 995 1168 nec
1006 1119 1140 1169 naraon
1147 1119 1293 1172 coloniam
1302 1125 1332 1172 in
1343 1125 1393 1172 lia-

335 1201 399 1254 liam
409 1199 568 1252 deductam:
583 1199 665 1269 tityus
679 1215 743 1249 vero
755 1196 822 1248 lilios
835 1196 935 1269 Lydum
947 1209 973 1248 et
985 1197 1161 1263 Tarvisium,
1174 1200 1219 1252 vel
1232 1202 1310 1252 forte
1325 1201 1393 1272 Tyr·

334 1280 458 1344 rinellum,
476 1279 621 1350 depravata
633 1278 702 1329 forte
715 1278 862 1348 scriptura,
875 1293 955 1348 quam
968 1275 1062 1346 aliquis
1075 1279 1102 1328 in
1114 1293 1205 1331 vetere
1216 1280 1329 1332 Xanthi
1344 1301 1391 1331 co-

331 1360 389 1413 dice
398 1359 561 1423 offenderat,
573 1357 683 1427 Τύρῥιβον
695 1357 736 1409 vel
745 1355 861 1426 Τι’ῥρκβοι,
873 1374 922 1427 pro
931 1353 1045 1424 ‘tiliam-
1057 1358 1094 1408 Ea
1104 1361 1195 1429 prisca
1202 1360 1386 1433 Pelasgorum

333 1441 416 1510 stirpe
427 1437 557 1510 populum
569 1437 651 1488 fuisse
661 1435 825 1508 Tyrrhenos,
844 1437 889 1505 qui
901 1453 985 1506 usque
998 1435 1032 1486 ad
1045 1439 1147 1489 seriora
1159 1451 1289 1510 tempora
1306 1442 1388 1492 len·

329 1538 408 1584 num,
420 1519 550 1583 Imbrum,
564 1518 668 1590 aliaque
680 1517 767 1569 vicina
779 1517 938 1568 continentis
951 1535 1057 1588 quoque
1067 1516 1128 1570 loca
1141 1519 1319 1584 insederant,
1336 1521 1385 1572 du·

331 1599 411 1650 bitari
436 1601 536 1670 nequit.
557 1598 643 1648 Etiam
661 1596 711 1648 hos
731 1596 765 1649 ad
783 1596 934 1668 Tyrrhenos
951 1597 1032 1648 ltaliae
1051 1599 1201 1651 retulerant
1216 1605 1385 1672 scriptores,

331 1679 445 1728 nonanis
458 1675 632 1728 similitudine
643 1674 763 1746 decepti,
773 1675 821 1727 sed
833 1675 939 1747 Dionys.
954 1677 979 1740 i,
994 1675 1026 1728 25
1039 1695 1097 1728 eam
1113 1681 1247 1732 manaem
1264 1685 1343 1746 iniit,
1356 1695 1384 1732 ut

330 1775 375 1808 eos
389 1775 419 1808 ex
433 1759 463 1808 iis
474 1758 537 1828 ipsis
547 1755 662 1826 Pelasgis
674 1756 756 1807 fuisse
766 1755 880 1821 diceret,
894 1757 939 1826 qui
949 1755 1051 1807 ltaliam
1061 1757 1217 1810 insederant
1226 1765 1383 1832 antiquitus

328 1853 441 1904 moxque
454 1837 481 1885 in
494 1836 627 1885 communi
640 1836 724 1904 gentis
739 1833 816 1886 clade
828 1834 890 1886 inde
902 1834 1093 1899 discesserant,
1107 1839 1247 1908 accepisse
1259 1860 1381 1902 nomen,

328 1913 400 1984 quod
412 1915 440 1965 in
451 1912 647 1985 Tyrrhenorum
666 1912 763 1965 finibus
783 1913 967 1966 consederant.
981 1916 1078 1965 Verum
1097 1914 1153 1966 lanc
1168 1917 1296 1991 Dionysii
1310 1941 1381 1973 con-

322 1993 450 2060 jectatio,
463 2011 517 2044 non
529 1993 647 2044 narratio
662 1994 765 2062 antiqui
784 1995 920 2064 scriptoris
941 1991 993 2044 fide
1012 2007 1138 2064 accepta,
1159 2008 1215 2060 est,
1229 2016 1291 2068 quae
1308 2001 1381 2052 adeo

325 2089 375 2142 pro
390 2071 474 2124 lando
487 2072 602 2122 historie
616 2089 631 2124 a
645 2072 707 2123 viris
722 2071 807 2123 doctis
819 2071 912 2124 haberi
925 2090 979 2122 non
991 2071 1119 2137 debehat,
1141 2075 1179 2124 uti
1198 2078 1287 2128 multa
1305 2078 1378 2143 alia,

324 2167 382 2220 quac
392 2151 419 2200 in
432 2150 483 2201 hoc
494 2151 580 2221 primo
593 2149 661 2200 libro
675 2151 817 2222 Dionysius
829 2151 970 2202 manifeste
979 2167 1031 2200 non
1040 2160 1199 2216 utranam,
1210 2171 1305 2204 venam
1316 2159 1377 2230 opi-

323 2231 511 2300 nataapponit.
522 2229 644 2301 Myrsilus
654 2229 763 2280 Lesbius
774 2243 799 2281 et
808 2231 865 2300 ipse
874 2229 1034 2301 Tyrrhenos,
1040 2229 1116 2281 ltalia
1122 2230 1224 2296 relicta,
1230 2235 1375 2286 erroribus

323 2310 437 2376 jactatos
451 2307 597 2360 tradiderat
608 2306 699 2378 (apud
713 2307 821 2380 Dionys
834 2309 860 2371 l,
877 2307 907 2360 28
916 2307 941 2376 ),
954 2306 1000 2358 sed
1013 2308 1130 2378 ineptam
1143 2311 1327 2362 narrationem
1339 2312 1375 2364 dc

324 2405 372 2438 suo
384 2391 481 2452 assuit',
494 2388 527 2438 ab
539 2387 582 2438 his
595 2389 659 2457 ipsis
671 2387 805 2438 erroribus
819 2403 864 2438 eos
877 2397 932 2437 tum
943 2385 1088 2454 nsaappsile,
1102 2387 1231 2456 ciconias,
1243 2389 1300 2442 dici
1315 2410 1373 2442 coe·

323 2465 402 2534 pisse.
423 2465 524 2515 Contra
543 2464 701 2530 Anticlidos,
721 2483 775 2516 nou
793 2465 917 2536 ignobilis
930 2467 1059 2536 scriptor,
1072 2465 1209 2537 Pelasgos,
1222 2469 1324 2519 Lemno
1344 2483 1373 2520 et

323 2544 410 2593 imbro
422 2547 496 2613 prius
512 2547 669 2607 constituta,
681 2563 740 2595 cum
752 2545 904 2615 Tyrrheno,
916 2545 988 2617 Atyis
998 2545 1035 2608 Ε,
1048 2547 1075 2592 in
1085 2547 1187 2593 italiam
1197 2548 1368 2599 contendisse

324 2620 471 2673 tradiderat
482 2640 524 2691 ap.
538 2621 625 2673 Strab.
639 2623 685 2673 lib.
696 2623 728 2686 V,
741 2641 767 2692 p.
781 2623 833 2689 339
844 2625 881 2684 A,
895 2643 952 2691 que
965 2625 1043 2671 varia
1055 2633 1116 2671 sunt
1127 2636 1244 2674 tetecum
1254 2629 1366 2696 scripto·

322 2717 380 2748 rum
390 2701 598 2770 periclitationes
610 2703 637 2750 in
647 2713 735 2751 vetere
750 2703 823 2752 fama
838 2719 898 2750 curn
914 2717 1000 2750 aarum
1013 2698 1122 2751 aliarum
1140 2703 1287 2754 rationibus
1296 2723 1366 2756 corn·

322 2778 456 2850 ponenda.
475 2779 627 2831 Hellanicus
640 2782 667 2830 in
680 2778 846 2844 Phoronide,
861 2781 1058 2851 antiquissimus
1077 2782 1204 2852 scriptor,
1222 2783 1361 2856 Pelasgas,

321 2871 467 2928 postquam
480 2861 507 2910 in
521 2861 605 2910 sinum
619 2857 782 2909 Adriaticum
793 2858 898 2930 appulsi
908 2861 936 2911 in
945 2860 1071 2910 interiora
1082 2859 1162 2911 ltaliae
1173 2863 1359 2933 immigraraut,

319 2952 474 2990 narraverat
485 2939 656 3008 Tyrrheniam
671 2937 821 2990 condidisse
832 2936 842 3007 (
853 2939 960 3010 Dionys.
972 2939 997 3003 l,
1011 2939 1042 2990 28
1052 2937 1075 3008 );
1089 2941 1134 3008 qui
1144 2958 1175 2992 ex
1188 2956 1358 3012 partsrernm

322 3019 461 3071 tradidisse
478 3017 562 3070 videri
579 3018 677 3070 debet:
699 3022 761 3070 item
781 3018 906 3092 Scymnus
918 3019 1000 3070 Chius
1019 3020 1046 3070 in
1061 3021 1159 3091 Perieg.
1180 3025 1228 3075 218
1245 3023 1316 3077 [sair
1330 3023 1359 3077 a·

319 3103 444 3171 Τυρῥιινοΐσι
456 3097 534 3167 χάριν
547 3095 673 3164 rapiamus,
686 3118 723 3150 sc.
737 3099 851 3170 Pelasgi,
865 3102 910 3170 qui
921 3112 1008 3151 tamen
1018 3100 1122 3169 subjicit
1135 3100 1204 3170 alia,
1219 3121 1274 3172 que
1287 3125 1355 3157 eno-

321 3203 372 3235 nea
384 3195 455 3233 suut.
468 3182 523 3232 Etsi
535 3181 621 3246 enim,
632 3179 803 3230 Etruscorum
816 3181 930 3251 origines
942 3178 1011 3230 ultra
1025 3180 1105 3250 Alpes
1118 3181 1270 3252 quaerendas
1282 3203 1353 3251 esse,

323 3264 439 3315 dubitari
452 3263 494 3310 vix
513 3272 615 3330 potest;
637 3257 709 3328 quod
722 3259 774 3310 alio
794 3276 900 3329 quoque
912 3258 973 3309 loco
986 3272 1108 3310 accurate
1124 3259 1284 3331 disputatum
1302 3278 1353 3325 est;

321 3343 443 3414 Pelasgos
458 3355 544 3391 tamen
557 3340 582 3389 iu
595 3338 643 3389 has
656 3337 762 3389 easdem
777 3337 811 3390 ab
824 3337 961 3390 occidente
977 3337 1079 3389 Tiberis
1098 3340 1161 3391 sitas
1175 3353 1255 3392 terras
1271 3343 1354 3393 immi-

321 3440 425 3494 grasse,
444 3421 528 3473 multa
540 3428 654 3490 arguunt
670 3441 676 3468 ι
698 3436 765 3490 quos
781 3420 915 3469 communi
927 3419 1011 3490 gentis
1023 3419 1130 3470 nomine
1142 3421 1223 3472 luisse
1235 3439 1352 3494 compre—

320 3501 418 3553 hensos
431 3518 508 3553 tremo
521 3498 676 3562 mirabitur,
692 3511 722 3548 ut
739 3510 826 3548 tamen
845 3496 906 3548 inde
923 3515 972 3549 nec
990 3495 1133 3549 contendat
1148 3500 1219 3567 quis,
1232 3499 1350 3554 Etruscos

321 3582 403 3632 fuisse
416 3578 548 3650 Pelasgos.
561 3577 642 3626 Poeta
655 3589 743 3627 tamen
753 3575 809 3628 haec
822 3577 924 3643 omnia,
936 3577 984 3627 etsi
998 3575 1134 3628 subductis
1147 3579 1291 3629 accuratius
1300 3579 1351 3632 his·

321 3662 395 3712 toriae
408 3657 516 3710 calculis
529 3670 600 3712 recte
613 3656 737 3727 explosa,
751 3655 853 3708 erudite
867 3669 893 3708 ct
906 3660 1038 3727 sapienter
1049 3659 1117 3708 inter
1131 3672 1281 3712 ornamenta
1297 3679 1351 3710 car·

319 3741 397 3789 minis
415 3737 534 3789 adscivit.
553 3737 646 3804 ltaque
660 3736 734 3800 Vlll,
754 3736 820 3806 479,
840 3737 891 3801 480
909 3736 942 3787 dc
956 3735 1047 3808 Agylla
1060 3753 1106 3787 seu
1119 3734 1203 3800 Cere,
1216 3737 1260 3790 ubi
1270 3738 1350 3806 lydia

318 3817 452 3887 qnondam
465 3821 530 3867 Gens
543 3813 609 3865 bcllo
619 3811 746 3884 preclaro
754 3815 823 3886 jaspis
834 3815 927 3866 insedit
934 3815 1055 3867 Etruscis.
1067 3815 1116 3879 tx,
1133 3830 1171 3864 ιι.
1182 3815 1215 3876 X,
1231 3815 1276 3867 155
1285 3815 1349 3884 lya·

319 3912 368 3963 pro
379 3895 509 3956 Etruscis;
520 3907 546 3946 et
556 3893 602 3945 lib.
613 3895 637 3942 ll
643 3930 651 3956 ,
663 3893 710 3962 781
723 3893 820 3962 Lydius
830 3893 939 3963 Thybris
951 3911 967 3943 a
978 3893 1044 3944 duce
1054 3893 1189 3965 Tyrrheno
1199 3913 1212 3945 e
1222 3893 1349 3966 Lydorum

319 3983 406 4044 geute.
421 3974 452 4022 Et
463 3976 589 4042 quoniam
602 3973 717 4024 Maurius
734 3985 836 4024 veteres
847 3973 933 4044 Lydia
945 3973 1033 4023 coloni
1045 3973 1165 4032 fuerunt,
1179 3970 1240 4023 hinc
1252 3971 1348 4023 Etrusci

318 4050 434 4102 Moeonic
444 4053 566 4120 juvemus
574 4055 647 4116 VIII,
659 4054 718 4122 499.
732 4053 766 4103 cl.
781 4053 829 4117 xl,
844 4053 904 4122 759.
917 4054 994 4103 Nova
1006 4054 1118 4104 nominis
1132 4049 1268 4104 inflexione
1280 4051 1346 4123 apud

316 4128 459 4195 Rutilium,
472 4131 561 4186 itiner.
573 4131 603 4198 1,
617 4132 667 4200 596
682 4130 851 4204 Tyrrliipenae
863 4131 927 4184 dicti
939 4145 1007 4184 sunt.
