2996 4694
268 390 287 452 8
516 389 550 449 P.
573 385 802 450 VlRGlLll
826 385 1056 454 MARONIS

268 511 414 576 Advocat
426 513 556 588 AEneaS,
570 511 754 598 tumulique
767 533 934 598 exaggera
947 513 1049 576 latur:

315 648 328 675 u
340 614 536 681 Dardanidae
547 617 670 704 magni,
685 638 788 703 genus
799 615 865 680 alto
877 640 896 679 a
908 619 1065 707 sanguine
1077 613 1203 698 divom,
1273 631 1303 689 ts

268 726 404 786 Annuus
418 721 536 786 exactis
548 721 721 809 conpletur
731 721 900 788 mensibus
913 723 1015 803 orbis,

267 831 315 892 Ex
327 851 393 917 quo
406 827 573 915 relliquias
587 827 756 915 divinique
770 849 841 890 ossa
853 830 998 916 parentis

268 932 484 997 Condidimus
496 948 597 1010 terra,
611 947 805 1020 maestasque
818 935 1015 998 sacravimus
1027 957 1107 1000 aras¹

265 1041 405 1128 Jamque
418 1038 502 1136 dies,
516 1039 550 1100 ni
562 1036 672 1115 fallor,
685 1036 792 1116 adest,
807 1061 906 1127 quem
918 1061 1049 1128 semper
1059 1039 1228 1120 acerbum,

265 1147 401 1235 Semper
412 1143 686 1225 honoratum(sic
698 1140 733 1206 dl
745 1143 1078 1229 voluistis),habebo.
1276 1161 1305 1205 50

266 1255 364 1317 Hunc
377 1273 452 1339 ego,
466 1247 600 1312 Gaetulis
612 1269 744 1334 agerem
756 1250 783 1312 si
795 1249 943 1338 Syrtibus
956 1251 1062 1330 exsul,

296 1457 334 1513 44.
347 1455 435 1500 Armet
447 1453 523 1508 Ven,
542 1449 583 1499 sed
600 1470 623 1499 v.
640 1453 720 1498 Barrus.
732 1451 861 1516 cumulique
876 1454 968 1516 Meneg.
983 1454 1013 1499 ab
1028 1469 1106 1519 eqqem
1120 1457 1186 1502 Witt.
1196 1478 1228 1492 -··
1237 1453 1274 1512 45,
1290 1471 1307 1501 ι

265 1528 331 1573 deest
346 1524 425 1570 multis
441 1524 518 1568 Burin.
531 1521 559 1567 ab
574 1538 593 1568 s.
611 1521 658 1568 duo
674 1523 753 1568 Heius.
768 1537 797 1568 ex
812 1537 831 1568 s.
845 1523 892 1568 duo
904 1523 951 1568 alii.
963 1540 977 1568 a
988 1538 1007 1568 s.
1019 1524 1112 1570 ductum
1122 1523 1184 1569 Wal.
1199 1540 1242 1587 pro
1256 1523 1305 1570 ver.

265 1595 319 1642 lect.
331 1612 346 1640 a
356 1611 376 1642 s.
389 1596 471 1640 Teucri
480 1592 570 1656 aliquot
580 1609 617 1655 ap.
630 1594 690 1638 Pier.
700 1592 746 1638 Sed
755 1591 873 1654 vulgatura
883 1595 1061 1654 μετοιω-
1069 1593 1108 1650 48.
1119 1602 1185 1638 terroe
1193 1593 1307 1638 tresBur-

265 1680 343 1712 maun.
354 1680 406 1710 curn
417 1662 485 1708 Goth.
496 1679 530 1724 pr.
541 1664 600 1710 Sane
609 1663 676 1708 condi
687 1671 747 1708 terra
758 1674 782 1708 et
791 1671 856 1708 terroe
867 1663 914 1707 dici
928 1662 1001 1718 solet,
1013 1675 1039 1708 ut
1050 1664 1128 1708 Burm.
1141 1661 1171 1708 ad
1182 1662 1269 1706 Lucan.
1281 1661 1305 1714 l,

264 1737 308 1798 607
322 1749 345 1782 et
362 1735 401 1781 alii
418 1733 473 1780 alibi
489 1734 633 1789 docuerunt;
648 1733 694 1780 hoc
711 1746 789 1780 tamen
805 1735 940 1796 exquisitius
956 1749 1005 1780 esse
1022 1734 1123 1780 videtur.
1133 1759 1166 1769 —
1177 1733 1214 1794 49.
1229 1734 1273 1777 nisi
1280 1730 1305 1794 f.

265 1805 333 1850 multi
344 1806 404 1850 Pier.
417 1805 495 1850 Heius.
506 1830 538 1840 -
551 1806 587 1851 51.
600 1807 668 1849 Nunc
679 1819 718 1867 eqo
732 1801 847 1850 refellitur
861 1805 963 1849 ellurm.
975 1818 1053 1867 aqerer
1068 1804 1158 1865 Hagen.
1170 1802 1305 1848 Distinetio·

265 1891 319 1922 uem
339 1888 392 1938 post
409 1876 476 1920 Hunc
494 1891 533 1940 eqo
550 1874 644 1921 sustulit
659 1875 752 1931 burm,
765 1886 791 1920 ut
807 1874 866 1920 adeo
882 1877 927 1921 sit:
945 1875 1013 1920 Hunc
1031 1889 1070 1940 eqo
1087 1890 1188 1940 sperem,
1204 1877 1225 1919 si
1241 1871 1308 1918 exsul

265 1962 360 2010 sperem.
372 1946 471 2002 Dubito,
493 1963 523 1992 an
534 1949 566 1993 sic
578 1959 646 2009 poeta
663 1949 774 1992 senserit:
786 1949 827 2008 qui
840 1947 899 1992 sorte
912 1963 954 2008 per
965 1944 1118 1994 ἀντιπόδων
1132 1946 1199 2010 loqui
1210 1943 1305 1992 meluit:

266 2019 333 2062 Hune
345 2033 384 2081 eqo
388 2051 396 2073 ,
405 2021 425 2064 si
429 2043 459 2052 -
466 2030 489 2064 et
498 2033 560 2064 nunc
571 2030 686 2064 structura
695 2027 797 2063 mutate:
808 2031 1068 2080 annua-exsequerer.

300 2189 343 2256 44.
357 2187 455 2240 tumuli
474 2207 506 2240 ex
525 2208 618 2262 appere
633 2187 759 2260 (ornate,

263 2287 313 2340 pro
327 2269 496 2340 erminule),
505 2271 592 2322 socios
601 2270 758 2342 alloquitur;

264 2368 338 2400 more
351 2350 472 2415 militari,
487 2363 516 2400 ut
528 2351 606 2402 toties
620 2349 691 2420 apud
703 2351 758 2401 Liv.

264 2441 291 2476 et
301 2429 364 2478 Tac.
381 2428 414 2478 de
426 2441 551 2498 suggestu
571 2441 598 2479 et
618 2447 713 2499 aggere
733 2431 760 2479 in

264 2507 358 2558 castris
371 2505 498 2556 allocutio
510 2507 582 2556 lacta
593 2505 698 2575 legitur.

299 2581 333 2647 45
346 2600 386 2651 sq.
399 2583 454 2632 Etsi
466 2595 493 2633 et
504 2584 605 2634 inferia
614 2582 655 2633 lue
669 2595 694 2633 et
703 2581 762 2633 ludi

263 2661 761 2732 funebresplaneadHomeriinprimis,

264 2755 320 2792 turn
332 2755 357 2794 et
370 2741 483 2793 aliorum
493 2754 611 2793 veterum
621 2752 762 2810 poetarum

264 2820 413 2892 exerrrplum
426 2820 561 2891 aVirgilio
574 2821 761 2888 instituuntur,

264 2911 353 2952 temen
366 2903 422 2968 ejus
435 2901 570 2970 ingenium
582 2901 610 2948 in
623 2917 654 2950 eo
668 2917 762 2971 agnos·

264 2997 308 3031 cas
330 2997 443 3042 moneo,
467 2977 540 3047 quod
561 2979 592 3028 iis
623 2977 703 3028 rebus
727 2979 761 3030 ad

263 3062 390 3131 pietatem
402 3059 514 3110 maxime
527 3059 613 3110 AEneae
623 3059 663 3108 sui
674 3057 762 3111 decla·

263 3138 374 3190 randum
387 3155 450 3188 usus
464 3149 511 3189 est.
558 3167 560 3174 ν

299 3217 340 3286 45.
372 3215 426 3268 alto
455 3237 472 3267 a
500 3217 629 3288 sanquine
652 3217 760 3284 diuum,

262 3309 373 3370 propter
384 3295 540 3346 Dardanum
551 3297 629 3346 Jovis·
639 3297 658 3346 f.
672 3315 695 3347 v.
710 3299 760 3362 lll,

267 3379 323 3448 167.
337 3377 407 3428 Solet
421 3390 509 3428 autem
521 3377 596 3444 ejus,
617 3377 663 3446 qui
675 3379 760 3449 gentis

264 3471 357 3508 auctor
370 3475 401 3508 ac
414 3457 488 3528 regni
499 3456 541 3506 vel
550 3456 623 3507 urbis
637 3457 760 3511 conditor

262 3537 323 3598 suit,
333 3535 458 3587 nobilitas
472 3537 521 3586 toti
533 3537 605 3606 penti
616 3555 647 3589 ac
657 3538 758 3610 populo

263 3614 353 3665 tribui.
367 3613 408 3664 Sic
418 3616 548 3679 Romani,
561 3616 655 3670 Martis
664 3636 759 3689 penus,

262 3690 409 3744 Romulidae
441 3707 490 3744 etc.
513 3697 570 3746 Hoc
593 3697 759 3748 Burmannus

264 3775 341 3824 unice
354 3785 443 3824 tenere
454 3772 576 3828 debebat.

298 3851 341 3917 48.
353 3869 410 3903 arus
424 3873 431 3902 :
445 3852 524 3904 funus
542 3873 557 3904 a
568 3853 697 3906 sacrificio
716 3853 759 3904 fu-

264 3931 340 3982 nebri
352 3929 489 4001 designat,
500 3931 573 4000 quod
583 3929 617 3984 ad
630 3949 723 4002 rogum
733 3943 759 3982 et

264 4013 379 4061 cinerem
391 4028 458 4062 nvna
468 4009 655 4078 condendum,
673 4011 760 4062 lllani-

808 2189 858 2241 bus
870 2189 958 2244 flebat.
972 2192 1007 2243 cf.
1020 2209 1044 2241 v.
1059 2189 1100 2244 86.
1114 2189 1177 2240 Mox
1185 2185 1215 2239 ut'
1219 2183 1309 2258 fallor

809 2271 878 2323 male
896 2272 930 2324 ad
950 2273 1011 2324 anni
1032 2271 1306 2346 confusionemque

810 2363 867 2401 erat
878 2350 950 2420 apud
958 2353 1087 2418 majores,
1100 2352 1182 2401 refert
1191 2347 1304 2398 Servius.

810 2431 930 2480 Heroieis
951 2430 1115 2498 temporibus
1136 2446 1188 2478 non
1209 2426 1259 2476 nisi
1272 2424 1307 2477 ad

811 2509 874 2559 solis
905 2509 1074 2578 siderumque
1104 2510 1306 2572 conversiones,

812 2587 904 2655 quales
923 2589 1051 2657 cujusque
1075 2587 1160 2638 oculis
1184 2603 1308 2638 occurre-

811 2665 891 2731 bant,
904 2665 1127 2736 eomputabantur
1136 2667 1198 2718 anni
1205 2677 1231 2717 et
1240 2664 1305 2715 dies.

811 2743 893 2814 Atqui
904 2747 933 2796 in
948 2744 989 2798 his
1008 2765 1062 2797 non
1080 2763 1184 2817 semper
1205 2762 1309 2795 summa

812 2823 962 2889 subtilitas,
974 2826 1025 2877 nisi
1039 2843 1070 2877 ex
1081 2836 1151 2888 erte,
1170 2836 1218 2875 est.
1231 2823 1308 2874 Cete-

811 2921 870 2954 rum
881 2921 923 2953 vv.
937 2903 971 2974 49
989 2921 1047 2974 sqq.
1068 2903 1227 2954 ornatissimi
1247 2913 1308 2951 sunt

812 2994 839 3033 et
848 2979 946 3051 pathos
955 2981 1068 3043 habent,
1077 2999 1104 3033 se
1112 2981 1182 3034 diem
1192 2980 1308 3032 celebre·

811 3072 900 3111 turum
913 3079 970 3114 esse
985 3079 1090 3132 semper
1101 3073 1127 3112 et
1148 3061 1266 3130 ubique,
1279 3061 1307 3110 in

811 3139 916 3193 deserto
923 3179 932 3207 ‚
946 3145 972 3193 in
985 3143 1052 3194 mari
1064 3157 1090 3195 et
1101 3141 1195 3194 mediis
1206 3143 1234 3193 iu
1245 3142 1308 3194 hos-

812 3221 890 3272 tibus.

846 3301 970 3369 51-54.
986 3300 1094 3355 Goetuloe
1107 3302 1192 3371 Syrtes
1214 3295 1305 3366 paullo

809 3379 888 3434 latius
902 3382 992 3447 dictte,
1013 3403 1044 3434 ex
1060 3399 1133 3431 more
1156 3387 1304 3448 poetarum.

809 3463 877 3513 Num
909 3461 1004 3512 Gaetuli
1026 3473 1117 3508 versus
1141 3454 1306 3507 occidentem

809 3541 904 3590 Africae
915 3553 941 3590 et
952 3541 979 3588 in
991 3532 1128 3587 meridiem
1139 3531 1304 3586 habitarunt.

809 3615 994 3686 deprehensns,
1006 3613 1124 3665 sollenne
1132 3612 1165 3664 de
1177 3614 1304 3684 procella.

809 3693 862 3744 vid.
880 3693 1030 3762 Georg.lV‚
1052 3693 1112 3758 4²¹·
1133 3713 1204 3745 nune
1216 3708 1304 3744 tamen

809 3771 963 3842 simpliciter
976 3769 1009 3822 de
1024 3789 1070 3838 eo,
1090 3774 1132 3824 cui
1152 3775 1304 3842 importuna

808 3867 849 3901 res
875 3849 963 3900 alieno
993 3862 1112 3924 tempore
1134 3853 1305 3922 supervenit;

808 3928 972 4000 provulgari
987 3953 992 3981 :
1015 3933 1037 3982 si
1050 3951 1169 3983 versarer
1181 3933 1207 3982 in
1226 3935 1303 3983 navi-

808 4011 1303 4083 gerione,autinsolobostilipompar,
