3022 4682
546 327 608 389 tn
632 326 833 394 nreuuu
854 329 895 394 v.
1195 345 1236 433 9⁵

196 463 226 506 et
237 451 282 503 eui
292 450 384 521 feror,
397 458 548 522 parcentem
568 449 715 522 neptibus,
734 453 814 504 etiam
829 473 879 525 per
896 466 996 510 vesum.
1015 459 1180 522 adumbrata
1197 481 1238 522 est

197 532 293 586 eadem
307 549 347 584 res
363 531 442 582 simili
454 529 534 582 modo
547 533 574 581 iu
589 533 674 584 numis
686 531 900 601 Dardaniorum,
912 537 977 590 Geta
992 541 1153 615 imperante:
1169 552 1180 617 (
1188 568 1237 603 cu-

196 615 239 682 jus
251 612 354 685 generis
370 629 452 663 unum
463 609 566 662 videbis
578 629 729 682 expressum
743 615 771 664 in
785 613 892 668 Cabinet
904 617 939 668 du
950 620 1008 671 Duo
1019 621 1154 682 d¹0rleons
1167 631 1238 684 inter·

198 705 356 745 ornamenta
367 692 442 742 Tom.
453 692 481 754 I,
493 709 520 761 p.
536 689 585 760 48)
599 705 625 743 et
635 693 662 743 in
674 691 727 744 alio
738 712 819 744 numo
831 694 979 750 Iliensium:
993 701 1045 754 rid.
1059 704 1157 760 Eckhel
1168 709 1238 764 Doe-

196 774 269 823 trina
280 789 382 822 numor.
396 783 447 822 vet.
459 771 486 820 P.
500 772 520 820 1.
531 769 590 821 Vol.
601 772 632 821 II.
646 791 672 841 p.
686 773 745 840 486.
759 773 869 826 Diversa
879 777 916 828 rei
929 781 1017 848 specie
1031 795 1069 833 est
1082 784 1148 838 alius
1158 787 1237 842 Ilien·-

197 851 267 902 sium
283 869 378 904 numus
390 852 417 902 in
433 851 526 902 Museo
540 853 650 922 Arigoui
666 851 747 922 (ibid.
766 852 890 906 laudatus
907 876 933 927 p.
948 857 1016 930 484)
1034 861 1060 912 in
1077 881 1130 934 quo
1147 869 1238 940 aquila

197 929 377 1001 Ganymedem
389 949 403 982 e
416 929 518 1000 cupillis
531 929 691 1000 prehensum
704 943 789 980 rostro
802 932 942 986 sublimem
954 938 1013 988 lert.
1026 939 1076 992 Setl
1088 945 1162 1013 prior
1173 948 1237 1015 illo,

197 1009 354 1081 elegantior,
365 1011 432 1061 ratio
444 1011 537 1060 merito
544 1007 654 1079 prtelata
661 1009 740 1060 etiam
749 1012 776 1060 iu
786 1011 886 1063 mundo
895 1013 1017 1068 muliebri
1028 1037 1058 1068 ex
1071 1039 1136 1072 auro
1146 1043 1238 1078 occur-

197 1091 233 1140 rit
241 1089 313 1160 apud
320 1089 395 1140 Com.
409 1087 442 1141 de
454 1088 550 1160 Caylus
562 1086 874 1161 (liecueild'Antiquitds,
883 1093 982 1144 Volll.
993 1096 1030 1168 pl.
1039 1099 1155 1174 XLVII).
1164 1105 1237 1160 Alias

196 1168 324 1221 sollennis
333 1183 371 1220 est
380 1169 540 1240 Ganymedis
553 1166 695 1220 exhibendi
708 1171 794 1236 ratio,
806 1183 835 1220 ut
845 1171 890 1224 ille
902 1185 952 1226 stet
964 1177 1005 1228 vel
1014 1179 1105 1232 sedeat
1117 1182 1238 1240 adstante

198 1250 297 1320 aquila.
318 1248 454 1319 Ejusmodi
474 1251 549 1320 signa
566 1259 654 1298 extant
675 1247 768 1318 plura;
787 1253 881 1302 stantIs
903 1254 1009 1323 quidem
1031 1259 1058 1309 in
1079 1261 1171 1315 Museo
1191 1267 1238 1318 Pio

196 1329 362 1382 Clementiae
374 1330 448 1380 Tom.
462 1329 493 1379 II.
510 1329 563 1382 tab.
577 1327 610 1396 35
622 1327 749 1398 preclaro
763 1347 843 1402 opere
860 1345 886 1384 et
901 1335 1039 1389 excellenti
1051 1341 1121 1394 inter
1133 1358 1237 1414 cetera,

196 1407 251 1458 tab.
265 1408 308 1460 36.
321 1407 402 1470 ibid,
414 1407 441 1458 in
453 1407 554 1478 palatio
568 1405 747 1472 Lancellotio,
760 1409 787 1459 in
800 1409 900 1479 palatio
911 1413 1053 1482 Farnesio,
1067 1419 1138 1489 apud
1151 1420 1238 1475 Cava.

196 1504 273 1557 cepp.
282 1488 357 1538 Tom.
367 1489 386 1538 I.
396 1487 449 1540 tab.
468 1487 514 1550 13,
528 1488 655 1539 iullluseo
664 1487 779 1539 Florent.
790 1489 865 1540 Tum.
880 1492 922 1542 Ill.
934 1493 988 1544 tab.
1002 1495 1026 1547 5.
1038 1497 1083 1548 Est
1096 1513 1183 1554 autem
1196 1504 1238 1555 Ia-

194 1565 260 1619 bula
272 1585 302 1618 ex
311 1569 351 1632 ils,
363 1587 420 1638 qute
429 1568 583 1619 tenuissima
592 1566 738 1638 primordia
747 1567 874 1634 habuere,
885 1584 949 1624 nats
959 1591 990 1625 ex
1000 1579 1109 1648 antiqua
1120 1582 1238 1636 formula

195 1643 349 1698 declarandi
367 1645 609 1717 pulchritudinem:
627 1659 743 1698 amatum
756 1663 812 1698 esse
829 1647 945 1719 aliquem
963 1669 978 1702 a
995 1650 1061 1720 tliis,
1081 1675 1096 1708 a
1112 1657 1161 1710 diis
1178 1677 1236 1713 esse

194 1739 308 1793 raptum.
320 1723 397 1776 Cous.
411 1724 446 1777 ad
458 1724 582 1796 Apollod.
591 1743 652 1796 pag.
666 1725 717 1778 532
726 1727 804 1794 ,-3.
813 1725 922 1780 Cretioae
930 1731 1038 1782 omnino
1049 1734 1166 1788 fabulam
1177 1757 1235 1792 esse

194 1803 303 1874 originis
313 1804 461 1858 discimuse
471 1805 517 1858 lib.
530 1807 541 1856 I
551 1803 584 1856 de
594 1806 659 1876 Rep.
673 1805 804 1872 Platonis,
812 1827 873 1880 pag.
885 1809 945 1861 636.
956 1807 982 1861 si
993 1823 1080 1866 tamen
1090 1816 1235 1871 Homerum

193 1879 303 1948 audias,
323 1883 443 1952 Trojante
458 1884 566 1957 originis
584 1883 711 1938 habende
729 1883 775 1938 Illa
791 1905 848 1940 esse
860 1888 965 1941 videtur
981 1891 1057 1944 Iliad.
1076 1913 1101 1961 t,
1115 1897 1165 1952 265
1177 1916 1233 1968 tq,

191 1979 224 2025 o,
236 1961 396 2018 231-235.
409 1966 540 2017 Disertior
553 1977 592 2018 est
604 1966 721 2018 narratio
734 1967 762 2026 in
778 1966 882 2038 Hymno
894 1967 922 2020 in
933 1971 1000 2024 Ven.
1014 1973 1065 2028 203
1074 1993 1114 2047 sq.

489 2257 851 2349 EXCURSUS
885 2261 940 2349 V.

566 2449 621 2514 De
634 2449 729 2516 Ludo
742 2449 778 2516 T
772 2454 859 2538 rojoe.

228 2603 266 2670 V,
279 2601 329 2670 545
340 2619 399 2676 sqq.
415 2603 453 2656 Ex
464 2601 682 2656 elaboratissimis
694 2617 780 2676 poete
790 2603 855 2656 locis
867 2621 925 2656 esse
938 2604 1054 2656 arbitror
1065 2603 1153 2660 iocum
1162 2607 1234 2666 hunc

193 2683 226 2740 de
233 2683 309 2738 Ludo
316 2687 417 2758 ijo,
431 2703 483 2757 quo
491 2687 616 2736 Romanis
626 2687 680 2736 suis
689 2685 808 2756 inprimis
816 2685 932 2756 probare
944 2683 1036 2738 debuit
1046 2685 1116 2740 hunc
1126 2676 1233 2761 librum,

192 2783 253 2818 cum
263 2765 393 2819 ludicrum
403 2763 470 2831 hoc,
483 2783 530 2835 per
542 2764 645 2816 nobiles
657 2782 756 2834 pueros
768 2764 779 2835 (
790 2763 952 2836 εὐπατρίδας)
968 2764 1096 2818 celebrari
1108 2769 1233 2839 solitum,

191 2862 294 2899 summo
303 2847 448 2900 haberetur
457 2845 568 2909 honore,
579 2847 727 2916 sepiusque
736 2845 770 2896 ab
779 2847 899 2918 Augusto
911 2857 980 2896 esset
990 2845 1148 2900 exhibitum:
1160 2852 1232 2902 coni.

191 2927 263 2981 Suet.
276 2929 342 3002 Aug.
354 2929 396 2996 43.
409 2929 487 2979 Dion.
498 2927 612 2990 XLVIII,
626 2941 666 2977 ao.
680 2925 775 2990 xllx,
790 2925 823 2990 43
834 2939 860 2977 et
872 2927 943 2977 viros
956 2925 1049 2978 doctos
1060 2927 1094 2980 td
1106 2929 1152 2980 illa
1165 2929 1233 2984 alia-

193 3023 245 3076 que
256 3007 325 3060 loca.
338 3007 410 3058 Vidit
423 3025 529 3076 quoque
543 3017 619 3057 acute
631 3003 731 3057 Eclhel
741 3007 896 3057 memoriam
907 3004 967 3056 talis
979 3004 1035 3056 ludi
1048 3007 1075 3055 in
1087 3025 1168 3058 numo
1176 3007 1235 3062 Caii

191 3085 303 3138 Caesaris
315 3087 430 3137 serrari:
444 3085 572 3135 Doctrina
584 3101 687 3134 numor.
707 3095 760 3134 vet.
775 3083 834 3134 Vol.
846 3084 896 3148 Vl,
909 3103 936 3153 p.
946 3094 1009 3152 '¹7⁰-
1024 3083 1124 3135 Ductus
1141 3087 1234 3156 ntique

192 3165 237 3218 ille
250 3165 284 3218 ab
298 3167 406 3234 antiqua
418 3163 559 3216 saltatione
570 3174 685 3226 armata,
702 3161 857 3232 pyrrhiche,
871 3160 962 3231 tizam
972 3160 1074 3230 ἐνόπλῳ,
1091 3165 1165 3232 cujus
1181 3165 1235 3215 ori·

191 3245 280 3316 qinein
291 3262 321 3296 ex
333 3243 411 3294 Creta
425 3254 515 3312 petere
529 3240 615 3291 solent
627 3242 782 3309 scrIptores3
796 3243 845 3292 etsi
857 3241 902 3292 illa
917 3243 1026 3294 omuino
1039 3243 1131 3312 prisca
1147 3242 1236 3294 homi-

191 3339 256 3374 num
268 3323 327 3374 rite
339 3323 366 3374 iu
376 3321 479 3372 Graecia
491 3319 638 3370 communis
648 3318 729 3369 fuisse
741 3319 826 3370 videri
843 3333 939 3390 potest.
953 3319 1031 3388 Quod
1045 3323 1067 3371 si
1084 3339 1099 3372 a
1111 3323 1233 3390 Trojanis

190 3404 355 3474 temporibus
368 3400 500 3455 deductus
512 3397 591 3450 ludus
608 3411 661 3462 est,
677 3397 769 3450 debuit
789 3404 910 3469 profecto
922 3401 954 3452 ab
967 3402 1042 3452 initio
1056 3403 1154 3452 curulis
1167 3419 1231 3456 esse.

191 3485 273 3556 Equis
285 3487 354 3536 enim
367 3485 444 3537 aliter
456 3482 503 3534 illa
514 3493 590 3532 atate
601 3480 641 3531 uti
653 3479 836 3546 nesciverunt,
849 3493 876 3530 ut
891 3483 954 3532 satis
967 3499 998 3532 ex
1012 3482 1127 3532 IIomero
1140 3481 1231 3552 liquet.

190 3563 291 3617 Debuit
302 3566 381 3615 etiam
392 3583 423 3616 ex
435 3565 491 3632 ejus
506 3562 633 3632 temporis
645 3577 717 3612 more
734 3578 793 3610 cum
813 3560 904 3632 auriga
917 3561 1037 3611 insistere
1056 3563 1144 3612 currui
1156 3583 1233 3632 eape-

190 3639 280 3704 βίαις,
296 3654 324 3693 ut
339 3660 387 3713 per
400 3655 484 3694 totum
497 3643 640 3693 Ilomerum
661 3637 718 3690 lieri
736 3638 816 3700 solet;
832 3638 901 3691 unde
921 3639 973 3690 hoc
993 3639 1130 3710 aurigandi
1148 3661 1231 3713 genus

189 3717 287 3788 Tpeieis
300 3723 402 3786 &repelet
416 3720 561 3792 appellasse
580 3717 715 3790 putandus
730 3719 881 3790 Xenophon
900 3717 994 3790 Cyrop.
1009 3719 1058 3782 VI,
1075 3738 1101 3789 p.
1118 3721 1168 3772 322
1187 3721 1229 3774 ed.

191 3799 275 3853 lond.
285 3801 456 3870 Quaecunque
466 3800 572 3852 taudem
582 3819 668 3852 rerum
680 3803 812 3870 morisque
822 3799 975 3850 vicissitudo
988 3799 1080 3863 fuerit,
1094 3799 1127 3852 ad
1137 3801 1230 3853 ludum

191 3892 343 3950 equestrem
357 3879 486 3932 nobilium
499 3897 641 3950 puerorum
653 3898 694 3932 res
707 3879 828 3946 deflexit,
841 3898 894 3950 quo
905 3881 989 3952 primo
1000 3878 1125 3932 decursus
1136 3899 1231 3952 eques-

191 3971 233 4010 ter
253 3960 397 4030 agebatur,
416 3972 470 4012 tum
489 3959 607 4030 pralium
624 3973 745 4032 equestre
763 3959 980 4012 adumbrabatur.
999 3960 1032 4010 Ut
1045 3972 1132 4012 autem
1144 3972 1229 4030 poeta

190 4039 220 4096 in
231 4038 393 4094 inveniendo
406 4039 545 4095 artificium
556 4053 627 4098 recte
637 4043 801 4114 assequaris,
811 4039 954 4098 tenendum
963 4053 1016 4111 est,
1025 4039 1163 4114 Virgilium
1174 4057 1230 4092 rem
