3028 4682
275 316 338 392 240
439 290 441 298 ⁴
596 308 862 375 excussus
885 309 985 374 xrn

273 454 312 500 est
324 447 516 496 commentum,
528 429 602 502 quod
616 450 647 485 ex
658 431 748 485 Servio
761 434 892 498 afferunt,
906 434 940 486 ab
951 433 1066 505 Epicuro
1077 430 1134 484 hac
1146 449 1203 485 esse
1215 435 1310 505 petita.

272 530 308 582 cf.
319 524 381 574 Not.
395 515 429 572 ad
438 535 462 567 r.
477 513 526 569 265
537 513 561 584 ),
574 511 619 564 sed
633 530 680 564 suo
693 515 799 586 ingenio
812 527 838 564 et
850 514 883 565 ad
897 515 1014 585 poetices
1026 528 1148 568 naturam
1163 535 1315 568 accommo-

271 609 348 670 date,
361 600 475 672 exponit.
486 593 537 646 Sed
550 613 582 644 ne
595 593 699 644 Maroni
713 595 858 645 inferamus
874 594 974 659 aliena,
992 607 1053 648 ante
1066 598 1154 647 omnia
1168 599 1224 666 ejus
1236 615 1314 648 men-

270 705 325 743 tem
346 680 530 751 exquiramus,
551 690 712 744 quamquam
730 671 758 724 id
775 675 994 743 interpretatione
1010 676 1121 726 maxime
1139 676 1240 728 factum
1257 678 1315 744 jam

272 781 311 824 est
324 762 370 836 (r)

309 850 340 898 1„
360 859 410 893 vsa.
431 835 582 908 pal—727
604 833 722 884 animam
746 834 839 884 munds¹
862 836 951 887 omnia
971 849 1151 906 permeantem
1174 833 1315 896 describit;

274 945 355 1000 quam
367 919 485 972 aethereae
496 926 521 966 ct
533 915 615 983 igneae
626 924 725 962 naturae
738 912 881 966 credidisse
893 914 997 967 videtur
1008 914 1019 985 (
1030 928 1102 968 certe
1112 911 1140 966 ri
1151 913 1225 967 iamir
1238 911 1317 964 aetbe·

273 1026 320 1062 ,ρο
333 1017 445 1072 corpore
457 1008 584 1064 tauquam
594 989 716 1042 vehiculo
728 991 849 1043 indutum
862 993 978 1046 alienum
990 1011 1005 1044 a
1020 995 1138 1046 Maronis
1157 1004 1244 1044 mente
1256 989 1317 1060 est)

274 1108 335 1142 oum
347 1083 495 1135 Stoicorum
508 1086 597 1145 parter
610 1089 672 1123 nam
686 1090 710 1121 v.
725 1071 776 1141 730
787 1073 909 1142 subjicit:
924 1074 1020 1146 Ipneus
1031 1085 1068 1126 est
1083 1073 1136 1126 iltis
1148 1073 1223 1146 uiqar
1229 1081 1256 1123 et
1266 1085 1317 1120 coe-

274 1167 342 1220 lestis
350 1162 423 1232 oripo
430 1153 544 1227 (Eadem
555 1153 647 1222 opinio
655 1153 775 1222 expositu
784 1154 812 1203 in
821 1151 909 1203 Somn.
918 1153 989 1224 Scip.
998 1172 1040 1224 ap.
1049 1153 1134 1205 Cicer.
1149 1172 1171 1204 c.
1181 1154 1197 1204 3
1207 1174 1212 1201 :
1224 1150 1316 1221 hisque

275 1247 380 1300 animus
394 1239 468 1291 datus
477 1244 514 1286 est
523 1250 555 1284 ex
565 1229 618 1282 ittis
628 1231 790 1302 sempiternis
803 1232 906 1304 iqnibus
912 1270 920 1298 ,
932 1249 991 1304 quoe
1001 1233 1084 1285 sidem
1094 1243 1120 1284 et
1126 1229 1213 1284 stellas
1221 1228 1318 1280 vocatis

274 1341 377 1400 „qna
395 1316 491 1370 diuinis
509 1311 634 1364 animata
649 1311 778 1364 mentibus
796 1325 845 1364 etc.
861 1313 880 1384 ).
899 1314 991 1365 Ductor
1009 1332 1041 1367 ex
1057 1313 1108 1366 hac
1124 1313 1217 1364 mundi
1229 1313 1319 1364 anima

276 1409 336 1461 vitoe
345 1400 509 1453 animantum
523 1390 729 1463 hominumque,
738 1410 763 1442 v.
773 1392 833 1458 728,
845 1409 895 1462 7²9
906 1391 1051 1462 (tanquam
1059 1392 1195 1463 particulae
1206 1391 1318 1458 decerp-

277 1501 310 1539 tae
321 1507 327 1536 :
340 1478 436 1534 divina
450 1467 583 1544 particula
599 1486 685 1530 auran
697 1482 728 1521 ut
746 1469 814 1522 adeo
830 1470 959 1542 perhanc
972 1475 1056 1542 ipsam
1073 1490 1104 1524 ex
1120 1471 1211 1522 divina
1222 1482 1320 1521 natura

276 1575 406 1618 ,manaae
417 1553 501 1605 videri
519 1548 662 1619 debeant).
684 1550 724 1600 At
742 1547 791 1600 lrac
809 1551 911 1622 eripiare
931 1551 1028 1602 animoe
1046 1549 1137 1603 uitales
1158 1549 1317 1619 (multoque

277 1644 345 1700 adeo
358 1635 441 1706 magis
453 1633 546 1683 animm
561 1627 700 1680 homiuum
715 1631 818 1681 ratione
835 1629 964 1700 praeditam
978 1630 1074 1700 quibus
1087 1631 1202 1702 purioris
1214 1626 1318 1679 retheris

277 1740 340 1799 pars
352 1721 437 1771 inesse.
447 1710 545 1780 debet)
559 1707 656 1760 liabent
668 1719 791 1760 naturam
803 1709 941 1761 oetlreream
952 1710 962 1782 (
973 1712 1044 1762 conf.
1057 1711 1103 1762 Ge.
1117 1713 1166 1776 IV,
1179 1709 1229 1763 218
1241 1725 1319 1778 sqq.,

275 1802 324 1854 nbi
339 1797 409 1849 idem
421 1790 532 1860 alogius,
553 1785 599 1837 sed
617 1785 694 1838 aliter
713 1787 840 1840 deflexum
853 1791 880 1840 in
897 1789 970 1841 illam
988 1792 1160 1856 sententiam,
1178 1803 1207 1840 ut
1226 1789 1320 1840 animer

277 1893 390 1949 corpore
403 1872 526 1940 sejuncta
535 1865 660 1931 heroum,
673 1880 753 1937 puta,
764 1870 914 1939 sapientum
928 1881 955 1920 et
965 1869 1098 1920 bonorum
1110 1871 1240 1933 virorum,
1258 1880 1321 1918 tan-

278 1973 359 2032 quam
373 1969 403 2005 ex
414 1949 493 2016 hujus
506 1946 564 1996 vitae
577 1947 715 1997 sanctitate
725 1949 780 2015 jam
793 1949 857 1999 satis
869 1967 955 2018 purte,
968 1949 1095 2001 insidere
1108 1968 1139 2000 ac
1151 1949 1243 2000 calum
1253 1945 1321 1997 reci·

277 2042 399 2113 piamun
412 2047 470 2102 qna
478 2028 534 2096 jam
545 2026 727 2097 AEgyptiornm
737 2029 788 2079 fuit
800 2027 922 2080 doctrina
933 2027 966 2080 de
978 2031 1052 2100 puris
1062 2029 1215 2093 animabus,
1226 2045 1320 2080 secun·

278 2120 342 2172 dum
351 2111 481 2166 sollennia
495 2105 576 2158 verba
589 2125 620 2158 ex
631 2105 787 2178 Euphanto‚
800 2108 872 2180 apud
891 2106 1018 2182 Porphyr.
1039 2109 1073 2161 de
1089 2109 1191 2160 Abstin.
1207 2109 1255 2172 IV,
1271 2122 1319 2168 1ο;

279 2219 312 2253 ea
329 2196 400 2250 enim
418 2192 444 2241 in
460 2187 530 2238 hana
545 2189 701 2240 sententiam
721 2189 806 2258 accipi
827 2187 924 2240 debere
945 2188 1120 2258 probabiliter
1135 2185 1322 2239 Jablonsltium

279 2277 401 2332 docuisse
412 2266 491 2320 video
504 2263 596 2318 Pontb.
609 2284 637 2335 p.
651 2265 683 2318 32
698 2284 755 2338 sqq.
766 2266 791 2336 )‚
803 2267 847 2318 sed
857 2266 970 2338 carparis
983 2267 1151 2318 contubernia
1161 2265 1271 2317 oellterea
1283 2262 1322 2316 vis

279 2354 433 2412 obtunditur
443 2367 474 2400 ac
486 2344 641 2398 debilitatur
653 2365 677 2396 v.
693 2364 752 2416 710,
768 2363 832 2416 722,
846 2347 914 2398 unde
923 2348 1073 2398 animarum
1081 2345 1288 2418 perturbationes
1297 2355 1324 2396 et

279 2435 432 2508 cupiditates
438 2466 446 2493 ,
458 2447 484 2476 v.
502 2424 553 2494 733
560 2462 569 2489 ,
583 2425 642 2493 734.
656 2425 728 2478 Vitia
743 2445 806 2478 vcro
818 2426 875 2478 baca
890 2446 905 2478 a
918 2429 1038 2498 corporis
1048 2429 1171 2500 contagio
1185 2439 1323 2480 contracta

279 2515 433 2568 animatore
443 2517 496 2555 tarn
506 2501 560 2553 alte
572 2503 720 2569 insinuant,
734 2515 764 2555 ut
775 2523 808 2556 na
816 2515 871 2555 tum
881 2505 999 2576 quidem,
1010 2524 1093 2577 quum
1103 2525 1119 2555 a
1128 2523 1234 2576 corpore
1241 2517 1324 2557 marta

278 2595 394 2664 emuncta
406 2595 442 2637 est
453 2583 463 2652 (
475 2594 501 2634 et
512 2581 565 2632 hoc
577 2584 719 2652 genuinum
730 2583 846 2635 Platonis
856 2583 962 2656 dogma.
976 2603 1000 2634 v.
1011 2583 1125 2636 Pliaedon
1138 2603 1165 2654 p.
1176 2585 1207 2636 61
1220 2583 1249 2634 C.
1260 2584 1291 2634 D.
1301 2585 1323 2652 ),

279 2690 311 2724 ex
321 2669 413 2720 anima
425 2661 571 2731 excedant(
583 2680 643 2713 nam
656 2662 722 2714 illud
735 2677 816 2734 poeta
825 2683 878 2715 non
891 2667 1010 2738 attingit,
1023 2665 1096 2736 quod
1104 2667 1159 2734 jam
1172 2667 1199 2715 in
1208 2663 1259 2716 bac
1269 2665 1324 2716 vita

279 2748 403 2824 purgatio
415 2742 523 2813 expleri,
537 2740 631 2793 saltem
643 2741 773 2808 inchoari,
786 2757 884 2816 potest,
895 2763 977 2816 quum
987 2764 1035 2816 per
1047 2742 1255 2815 philosophiam,
1267 2755 1324 2793 turn

279 2849 328 2904 per
340 2823 452 2895 teletas)
463 2841 488 2873 v.
502 2821 667 2892 735—7383
682 2825 775 2894 ltaque
793 2825 820 2876 in
839 2824 930 2895 inferis
947 2823 1009 2877 locis
1022 2825 1181 2897 purqatiaue
1195 2841 1259 2894 opus
1270 2833 1324 2886 cst,

280 2930 334 2985 qua
344 2907 409 2960 vitia
423 2905 469 2956 ista
479 2901 648 2975 (animorum
661 2903 820 2974 cupiditates
830 2919 854 2958 et
868 2906 1096 2978 perturbationes,
1107 2923 1189 2970 curae,
1199 2906 1257 2968 irae,
1266 2902 1327 2954 libi·

280 2982 514 3058 dines)eluantur
528 2995 554 3032 et
571 2984 719 3034 eximantur
738 2983 802 3052 739,
823 2985 874 3055 740
893 2984 1000 3055 (neq'toe
1021 2985 1091 3036 enim
1110 2985 1179 3054 parti
1200 2978 1326 3034 rationali

280 3071 386 3144 plenam
400 3077 426 3118 et
437 3063 583 3134 perfectam
594 3063 748 3116 felicitatem
760 3068 913 3138 contingere
922 3083 1001 3136 posse
1011 3063 1150 3126 videbant,
1161 3062 1212 3114 nisi
1223 3061 1256 3114 ab
1268 3061 1324 3112 istis

280 3151 381 3205 morbis
393 3166 424 3198 ac
436 3145 505 3195 vitiis
518 3143 635 3195 liberatas
647 3167 653 3195 z
667 3145 702 3196 cf.
714 3145 838 3198 Bruclter.
851 3148 881 3197 T.
896 3147 921 3210 l,
933 3165 960 3218 p.
980 3144 1131 3214 713-719
1143 3145 1162 3216 )
1175 3143 1219 3196 Fit
1229 3159 1326 3215 purga-

281 3234 318 3284 tio
330 3246 404 3291 aere,
415 3243 501 3296 aqua,
516 3224 573 3296 iqui
585 3243 609 3275 v.
625 3227 691 3295 740,
705 3225 770 3292 741,
785 3227 834 3295 741
849 3239 875 3278 et
887 3225 923 3277 ibi
934 3244 956 3274 v.
972 3226 1033 3275 Not.
1047 3223 1115 3295 (nec
1127 3223 1218 3276 delinit
1230 3236 1325 3298 poeta,

281 3314 371 3386 quain
384 3306 528 3359 interorum
537 3319 621 3377 parte.
630 3305 736 3358 Scilicet
746 3309 768 3358 is
781 3308 868 3360 Hades
882 3319 937 3372 est,
949 3305 1076 3378 Egyptii‘s
1087 3307 1140 3376 jam
1155 3305 1218 3356 olim
1227 3311 1326 3355 Arnen.

280 3391 350 3457 tlres,
368 3409 392 3440 v.
405 3384 539 3438 Plutarch.
550 3385 583 3438 de
595 3388 628 3438 ls.
643 3399 668 3439 et
677 3387 747 3439 Osir.
761 3407 787 3458 p.
799 3388 849 3440 362
863 3386 911 3449 D.;
925 3386 971 3438 ubi
984 3387 1180 3456 interpretatio,
1193 3402 1250 3437 esse
1264 3401 1324 3436 eum

279 3467 317 3526 eir
333 3465 439 3530 aassabw
457 3465 496 3517 uel
513 3461 619 3527 utine,
634 3467 774 3519 referenda
791 3465 939 3518 videturod
954 3463 1110 3517 descensum
1124 3467 1285 3526 animarum,
1298 3473 1326 3512 et

279 3553 393 3606 reditum
407 3551 432 3600 in
444 3565 514 3599 nova
526 3564 640 3618 corpora
652 3547 669 3618 ).
684 3547 811 3619 Puryatia
823 3565 901 3617 porro
909 3545 1044 3597 subeunda
1053 3557 1091 3597 est
1101 3545 1220 3596 omnibus
1228 3561 1253 3593 v.
1264 3541 1324 3610 743.

279 3636 366 3697 Nam,
379 3629 552 3694 debetcum,
569 3628 807 3700 philosophorum,
827 3641 854 3680 et
869 3627 1002 3678 bonorum
1022 3627 1160 3678 animabus
1176 3644 1234 3695 quae
1249 3623 1325 3676 Plato

280 3712 369 3773 addit,
382 3721 461 3780 poeta
473 3721 556 3769 tacet;
572 3727 621 3768 nec
636 3707 741 3778 adjicit,
754 3705 819 3776 quid
832 3706 865 3757 de
877 3708 907 3757 iis
920 3704 979 3768 fiat,
997 3704 1093 3775 quibus
1112 3718 1164 3756 tam
1183 3703 1234 3756 alte
1250 3702 1326 3755 labes

279 3791 330 3840 ista
347 3788 460 3851 insidet,
478 3799 507 3836 ut
524 3787 576 3838 elui
598 3799 729 3857 nequeat,
744 3787 789 3856 qui
808 3797 897 3838 tamen
913 3783 1004 3854 plures
1016 3787 1127 3836 nu'rnero
1140 3801 1197 3835 esse
1209 3782 1325 3840 delient3
1371 3775 1378 3786 ’

279 3866 381 3918 scilicet
396 3864 425 3916 hi
438 3866 493 3932 jarn
511 3877 571 3916 nnte
588 3867 615 3918 in
634 3867 774 3918 Tartarum
787 3877 863 3916 erant
880 3862 991 3914 detrusi.
1011 3865 1069 3914 lloe
1084 3881 1161 3926 vero,
1174 3863 1196 3912 si
1215 3859 1296 3911 modo
1309 3877 1326 3910 a

311 4033 345 4092 (1)
354 4032 501 4093 Disputatum
512 4045 545 4078 ert
557 4032 586 4078 de
598 4031 656 4078 hira
666 4033 778 4096 Wytten·
826 4032 952 4096 sophorum
963 4032 1068 4079 doctrina
1078 4029 1107 4075 de
1117 4031 1163 4074 vita
1174 4027 1328 4074 1111111111ιί-

281 4101 349 4170 bacli,
356 4103 445 4148 inlliss.
454 4116 506 4164 qun
515 4103 586 4148 luerit
595 4113 699 4148 veterum
704 4103 780 4165 pbilo-
827 4119 916 4163 marum
927 4115 1096 4168 postmortem.
1110 4099 1175 4162 1787.
1260 4091 1263 4097 ’
