3028 4682
287 384 350 450 226
630 375 896 442 EXCURSUS
920 375 972 439 Vl

286 503 421 580 quomodo
430 516 512 577 poeta
526 500 559 553 ad
571 499 640 552 hauc
658 502 696 552 rei
713 500 844 566 serrarius
857 499 999 553 devenerit.
1014 501 1048 551 Ut
1060 518 1170 552 aureum
1182 521 1283 556 ramum
1296 505 1325 557 itt

284 589 356 640 silvis
370 588 503 637 intentum
521 598 576 634 esse
597 579 738 650 proderet,
755 582 783 631 in
803 595 917 632 mentem
929 581 1019 632 venire
1037 583 1124 650 potuit
1140 600 1171 632 ex
1190 584 1326 653 Apollonii

283 666 380 718 llhodii
390 665 516 726 lectione,
525 661 558 712 de
567 659 663 712 vellere
672 677 768 726 aureo,
779 662 806 710 in
815 659 881 712 silva
889 658 990 724 media,
1001 660 1047 711 lib.
1060 661 1103 722 lV,
1119 677 1165 712 taa
1174 680 1233 733 sqq.
1244 682 1252 724 ;
1263 681 1325 714 nam

284 761 312 800 et
323 749 345 799 is
356 763 431 798 secer
443 745 554 795 Hecates
565 740 642 793 lucus
656 753 721 793 erat.
734 739 849 792 Deorum
863 753 952 790 autem
964 741 1053 810 omnia
1066 752 1126 790 sunt
1139 759 1232 798 aurea.
1245 743 1326 792 etiam

284 828 312 880 in
323 825 390 878 Delo
400 816 643 891 χρύσιωι-μιῖθλιιι
661 820 717 887 t'pttc
729 819 813 874 natue.
827 819 930 870 Callim.
944 822 971 870 in
983 819 1040 870 Dei.
1055 820 1114 871 262.
1128 821 1166 871 Ex
1183 823 1326 874 vetustiore

284 919 373 958 tamen
387 922 434 955 seu
450 901 597 966 Heraclete,
614 918 660 952 seu
670 898 808 952 'l'beseidis
830 901 947 951 carmine
964 917 1066 950 ramum
1084 917 1192 951 aureum
1214 903 1326 970 petitum

282 1002 339 1038 esse
352 982 441 1035 exilio
459 999 538 1033 versu
554 981 691 1052 suspicor,
705 981 773 1049 409,
790 997 843 1050 quo
858 977 964 1030 Charon
977 981 1106 1030 miratur:
1120 983 1217 1030 donum
1229 979 1326 1050 fatalis

265 1051 267 1056 Ι
283 1064 362 1136 uirque
379 1062 456 1134 lorsqu
470 1071 530 1132 post
545 1071 657 1132 tempore
675 1059 765 1111 virum.
779 1059 925 1131 igiturjam
938 1059 1078 1124 Hercules,
1096 1077 1141 1112 seu
1154 1059 1271 1112 Theseus
1282 1079 1326 1112 rn-

283 1163 355 1195 mum
369 1161 478 1195 aureum
492 1139 662 1212 pretulerant
674 1140 806 1204 manibus,
815 1158 897 1211 quum
910 1138 944 1190 ad
954 1141 1055 1192 inferos
1068 1139 1268 1192 descenderent.
1277 1141 1328 1193 Ce-

184 1255 190 1264 ·
284 1236 369 1274 terum
382 1221 434 1273 hor.
446 1223 553 1272 invento
573 1219 642 1273 bene
659 1237 722 1270 usus
742 1233 782 1272 est
795 1217 959 1272 Claudianus
978 1217 1011 1270 ad
1029 1218 1150 1272 arborem
1172 1239 1278 1272 auream
1299 1223 1328 1274 in

283 1303 375 1354 inferis
388 1301 453 1352 loris
464 1299 662 1364 florescentem,
676 1316 733 1369 quse
746 1299 877 1351 interulis
892 1300 1035 1349 inferorum
1051 1298 1121 1350 bona
1132 1299 1294 1370 Proserpina
1311 1319 1329 1352 a

281 1381 393 1433 Plutone
408 1377 557 1432 ostenditur
574 1379 607 1430 de
625 1381 654 1429 ll.
668 1379 740 1428 Pros.
754 1379 792 1438 ll,
807 1393 866 1447 ²9⁰·
880 1378 1023 1429 Erornttrit
1041 1376 1091 1429 hoo
1109 1379 1210 1431 arboris
1225 1397 1327 1446 aurem,

283 1477 342 1530 quse
355 1459 518 1529 Proserpime
539 1475 616 1510 sacra
635 1471 690 1524 est,
708 1456 867 1528 phantasma
887 1455 1034 1528 spencerus
1054 1457 1133 1528 Fat'ry
1147 1458 1235 1528 Queen
1247 1461 1275 1510 B.
1293 1460 1327 1525 ll,

283 1540 359 1592 Cant.
373 1538 428 1590 Vll.
440 1538 496 1589 Llll
509 1553 568 1608 sqq.

544 1737 914 1828 EXCURSUS
950 1740 1060 1828 VII.

703 1913 913 1980 netrueno.

317 2059 369 2120 Vl,
384 2057 432 2111 162
446 2073 505 2128 sqq.
522 2055 561 2108 De
576 2055 679 2108 Miseno
691 2057 873 2107 narrationem
888 2056 1013 2121 intexuit,
1025 2069 1137 2126 propter
1146 2057 1244 2110 fabule
1254 2062 1327 2131 apud

283 2139 363 2193 Italos
376 2137 569 2190 auctoritatem.
585 2153 609 2185 t.
620 2136 729 2186 Excurs.
744 2136 780 2184 tv
790 2134 824 2185 ad
838 2133 864 2186 b.
879 2133 939 2197 lib,
953 2146 980 2186 et
990 2134 1085 2186 habuit
1096 2138 1176 2188 etiam
1189 2137 1328 2208 Elpenoris

284 2215 449 2289 exemplum,
463 2213 536 2286 quod
553 2226 725 2284 sequeretur,
740 2211 813 2284 apud
826 2214 903 2264 Hom.
916 2213 1010 2285 Odyss.
1027 2227 1053 2274 t,
1067 2213 1096 2266 51
1112 2231 1170 2286 sqq.
1186 2217 1328 2270 Molestum

284 2311 373 2351 tamen
392 2293 463 2359 hoo,
482 2291 556 2364 quod
575 2291 629 2344 duo
649 2291 875 2346 commemorandi
895 2303 987 2358 erunt,
1000 2294 1045 2364 qui
1064 2292 1158 2344 eodem
1176 2296 1235 2346 leto
1245 2297 1330 2366 perie-

284 2389 352 2430 rant.
365 2373 446 2442 Quod
457 2392 515 2426 eum
533 2373 675 2424 tubicinem
696 2373 813 2424 nobilem
833 2371 915 2424 fuisse
930 2372 1027 2437 tradit,
1039 2375 1074 2424 ef.
1088 2374 1137 2438 ill,
1152 2375 1219 2445 239,
1233 2377 1259 2427 in
1276 2375 1329 2427 hor.

284 2455 394 2509 Homeri
403 2455 446 2526 sui
457 2455 642 2505 auctoritatem
651 2451 749 2504 deserit
759 2473 765 2512 ;
777 2469 857 2522 quum
865 2452 988 2522 Trojanis
999 2454 1162 2524 temporibus
1173 2473 1221 2506 neo
1228 2456 1329 2519 tubam,

284 2553 334 2587 neo
347 2533 442 2583 lituum
459 2533 596 2582 inventum
609 2530 692 2581 fuisse
705 2533 769 2582 satis
781 2542 891 2580 constet.
908 2531 1003 2582 Maluit
1015 2533 1105 2601 itaque
1121 2545 1147 2584 et
1158 2531 1202 2584 hio
1215 2536 1330 2604 tragicos

285 2613 378 2682 sequi,
399 2629 425 2660 v.
440 2627 462 2662 o.
476 2609 641 2680 AEsrhylum,
661 2610 769 2662 Eumen.
789 2629 814 2660 v.
829 2610 896 2678 570,
909 2609 1035 2682 Sophool.
1055 2613 1095 2681 Aj.
1113 2629 1157 2681 17,
1174 2625 1200 2664 et
1219 2613 1252 2664 al.
1266 2615 1329 2664 Mox
1372 2635 1373 2649 ι

286 2710 311 2743 v.
332 2707 389 2759 172,
398 2690 533 2740 Tritonem
547 2701 626 2739 centu
641 2701 771 2758 provocat
783 2689 908 2740 Misenus.
922 2691 978 2741 lloc
989 2690 1184 2761 elegantissimo
1197 2705 1280 2762 poete
1290 2693 1332 2744 in-

285 2769 365 2842 genio
385 2767 478 2818 deberi
496 2765 617 2830 videtur,
634 2767 822 2819 adumbratum
841 2786 872 2819 ex
892 2769 1021 2821 similibus
1040 2771 1237 2822 narrationibus
1258 2771 1332 2842 apud

286 2863 389 2899 veteres
402 2859 505 2918 poetas,
516 2847 636 2918 inprimis
646 2847 804 2910 Homerum
817 2867 898 2919 quum
912 2851 938 2902 in
951 2850 1052 2922 vulgari
1063 2867 1169 2921 qnoque
1181 2853 1332 2923 priscorum

287 2928 426 2980 hominnm
438 2943 576 2992 sermone,
588 2941 616 2978 ut
629 2929 741 2999 quisque
752 2930 778 2979 in
789 2941 845 2980 arte
855 2945 903 2981 suu
913 2929 1068 2996 excelleret,
1081 2932 1118 2983 ita
1132 2931 1210 2983 modo
1221 2945 1303 2984 artem
1315 2949 1333 2984 a

288 3009 339 3060 diis
352 3010 495 3078 accepisse,
506 3007 586 3058 modo
598 3026 628 3060 ea
639 3021 694 3060 arte
705 3027 764 3059 outn
777 3007 827 3060 diis
838 3008 999 3062 contende're
1008 3011 1148 3064 diceretur.
1164 3013 1206 3064 sic
1217 3012 1332 3084 Thamy-

289 3089 325 3138 ris
338 3105 398 3138 oum
412 3087 494 3138 Mutis
507 3086 582 3138 iliad.
597 3087 626 3147 β,
641 3086 691 3156 595
704 3105 762 3158 sqq.
772 3126 781 3152 ,
793 3089 832 3139 sic
844 3089 970 3154 Pierides,
983 3091 1021 3141 sio
1032 3089 1134 3142 Sirenes
1157 3108 1215 3141 eum
1233 3091 1331 3155 Musis,

288 3167 407 3238 Marsyas
420 3185 479 3218 eum
491 3165 630 3236 Apolline,
642 3169 754 3239 Eurytus
767 3183 830 3220 arcu
843 3185 903 3219 eum
918 3168 1025 3235 oedem,
1038 3169 1131 3242 Odyss.
1145 3170 1178 3236 θ’,
1192 3171 1242 3237 aad
1255 3187 1332 3240 sqq„

289 3258 432 3298 certarunt.
455 3247 553 3298 Possim
577 3245 628 3298 hoc
647 3249 776 3298 monitum
799 3247 834 3299 ad
850 3247 1053 3318 Apollodorum.
1075 3245 1197 3300 AEolt'den
1213 3247 1333 3320 appellat

289 3327 439 3388 Misenum,
455 3327 524 3377 AEoli
535 3325 634 3390 lilium,
652 3339 779 3398 tanquam
792 3327 910 3396 ejusdem
920 3329 1195 3400 AEoli‘l'rojeni,quem
1205 3330 1232 3380 in
1243 3345 1333 3399 pugne

293 3424 354 3460 cum
364 3407 463 3458 Latinis
474 3406 632 3459 occubuisse
642 3421 733 3460 narrat
740 3409 797 3474 Xll,
809 3407 859 3473 542
873 3425 912 3479 sq.

545 3581 907 3730 excussus
942 3642 1081 3730 vttt.

279 3809 284 3819 ’
373 3793 615 3885 Chomgrapku
629 3797 768 3861 locorum
780 3796 955 3881 tusemrum
964 3821 1011 3863 ex
1020 3815 1127 3885 poem
1137 3811 1252 3863 mente

327 3913 570 3984 Noninjucunrlum
584 3937 640 3971 esse
650 3933 751 3992 potest,
764 3939 817 3970 uno
830 3920 890 3972 loro
903 3925 1066 3994 propositam
1080 3921 1179 3974 habere
1192 3925 1281 3973 animo
1293 3936 1335 3975 to·

293 4005 348 4046 t'am
360 3995 478 4046 locorum
491 3998 636 4050 inferorum
650 3997 872 4071 descriptionem,
886 4003 971 4071 qualis
984 4003 1029 4054 illa
1038 4021 1052 4053 a
1061 3999 1183 4072 Virgilio,
1193 3999 1245 4051 ltoc
1255 4001 1333 4066 libro,

294 4086 334 4126 est
344 4074 471 4146 exposite.
482 4075 547 4141 Qua
559 4077 614 4143 ulii,
629 4093 676 4130 teu
685 4079 823 4148 imitando,
834 4095 881 4132 seu
888 4097 958 4134 nora
966 4079 1090 4155 lingendo
1099 4081 1235 4141 variarint,
1249 4095 1278 4132 ut
1289 4079 1335 4133 Se·
