2956 4680
308 351 370 430 too
554 355 588 418 r.
614 355 844 422 vtaotntt
867 362 1104 434 Minoum

306 477 382 540 Post
393 473 497 557 idem,
512 479 598 544 inter
609 503 644 545 se
657 483 764 569 posito
777 487 971 568 certamine,
986 513 1081 580 reges

306 581 429 646 Armati
441 584 533 649 Jovis
545 602 621 650 ante
633 610 736 668 aram,
750 608 947 682 paterasque
959 611 1127 678 tenentes,

305 687 453 770 Stabant,
467 707 501 755 et
512 714 593 758 caesa
601 693 786 784 jungebant
799 699 925 765 Foedera
937 677 1047 790 porea.

307 794 405 860 Haud
417 801 534 885 procul
546 800 637 882 inde,
651 804 724 870 citae
737 807 866 872 Motum
879 809 913 872 in
927 809 1055 878 diversa
1067 815 1256 908 quadrigae

306 903 521 989 Distulerant,
535 926 569 974 at
579 927 616 976 tu
629 910 738 992 dictis,
754 914 895 998 Albane,
909 927 1076 987 maneresl

306 1009 533 1102 Raptabatque
545 1017 606 1079 viri
619 1017 786 1085 mendacis
798 1022 924 1088 viscera
936 1025 1054 1092 Tullus

281 1197 284 1204 γ
307 1116 371 1178 Per
378 1117 509 1198 silvam,
524 1137 557 1186 et
568 1125 672 1210 sparsi
683 1125 838 1191 rorabant
850 1131 1010 1218 sanguine
1022 1155 1153 1220 vepres.

307 1221 454 1288 Necnon
468 1227 687 1317 Tarquinium
699 1230 842 1322 ejectum
854 1237 1022 1301 Porsenna
1030 1237 1171 1327 jubebat

307 1326 485 1417 Adcipere,
499 1333 691 1426 ingentique
704 1337 820 1403 urbem
833 1338 1007 1408 obsidione
1019 1345 1211 1432 premebat,

307 1435 461 1502 AEneadae
474 1440 507 1503 in
520 1441 645 1506 ferrum
658 1466 719 1531 pro
730 1443 881 1511 libertate
894 1447 1044 1514 ruebant.

309 1540 408 1605 Illum
421 1543 604 1633 indignanti
616 1549 772 1631 similem,
785 1553 994 1642 similemque
1007 1556 1145 1620 minanti

307 1644 519 1735 Adspiceres3
531 1669 668 1740 pontem
680 1655 818 1721 auderet
830 1657 922 1748 quod
934 1660 1057 1724 vellere
1069 1662 1201 1743 Cocles,

1329 1153 1379 1208 645

1324 1680 1370 1727 ⁶50

308 1820 423 1867 Romulidi
438 1823 530 1888 Menag.
548 1844 584 1890 pr.
596 1854 628 1864 -
638 1829 692 1888 640.
704 1841 757 1877 unte
770 1849 835 1879 eram
845 1834 914 1882 multi
925 1837 1004 1882 lirina.
1024 1850 1048 1883 et
1064 1839 1156 1895 llum,
1171 1854 1226 1885 rum
1240 1839 1301 1887 edd.
1308 1859 1316 1896 ;
1335 1841 1366 1888 al.

308 1907 373 1948 ems,
392 1907 505 1956 perpetua
524 1902 652 1949 varietate:
670 1902 694 1948 h.
707 1902 723 1948 l.
735 1907 813 1952 minua
828 1908 899 1962 reite,
919 1923 972 1954 ures
982 1917 1096 1974 paterasq.
1108 1936 1140 1946 -
1151 1909 1207 1966 641.
1220 1928 1285 1958 coesa
1294 1930 1367 1976 porro

307 1963 423 2012 maluerat
434 1967 528 2026 Heius,
543 1973 585 2018 red
596 1989 654 2020 σασα
663 1992 745 2039 porea,
764 1975 894 2040 elegantius
905 1979 994 2026 dictum
1006 1997 1050 2042 pro
1061 1985 1126 2030 tenui
1139 1995 1163 2030 et
1172 1983 1288 2045 plebeio,
1305 2001 1365 2032 mro

306 2050 388 2098 porco,
400 2038 464 2100 quod
477 2055 498 2086 ι.
510 2057 531 2085 c.
543 2043 621 2090 livius
629 2043 700 2092 babet
710 2046 751 2093 lib.
763 2049 788 2104 l,
801 2047 842 2106 ai,
852 2051 902 2111 jam
912 2049 1025 2108 Quinctil.
1035 2051 1165 2099 observarit
1175 2053 1231 2099 leat.
1241 2055 1287 2100 Or.
1302 2055 1363 2110 vm,

308 2103 336 2160 3»
351 2121 386 2166 ¹9·
397 2108 490 2165 -6tm
502 2112 591 2174 Motum
601 2129 682 2162 omnes
695 2118 754 2163 Pier.
770 2129 794 2165 et
807 2117 915 2182 plerique
927 2119 1006 2166 licina.
1018 2137 1071 2167 eum
1082 2124 1145 2168 Serv.
1152 2155 1159 2177 ‚
1177 2123 1221 2184 qui
1232 2139 1362 2186 perperam

307 2173 418 2238 disputat.
429 2179 526 2225 Mecium
535 2193 623 2230 tantum
632 2200 679 2231 rec.
689 2186 774 2234 Moret.
784 2199 807 2234 et
816 2189 886 2243 Van,
893 2188 935 2234 red
943 2189 1004 2235 Gud.
1014 2207 1068 2237 eum
1077 2203 1177 2254 quatuor
1186 2189 1239 2236 aliia
1248 2193 1360 2237 Mettum

308 2245 417 2296 Heinsius
435 2253 542 2298 Mettium
558 2255 652 2302 refinxit
670 2271 694 2304 et
711 2259 798 2305 multus
814 2261 839 2304 in
851 2275 879 2306 eo
891 2273 937 2316 eat,
958 2274 983 2306 ιιι
995 2263 1019 2306 in
1032 2262 1184 2308 marmoribus
1196 2275 1221 2310 et
1232 2266 1312 2310 nimiis
1325 2267 1359 2310 ita

307 2319 377 2364 scribi
389 2320 484 2378 doreat;
500 2325 564 2387 quod
577 2329 620 2388 ipsi
633 2328 800 2386 concedemus,
820 2333 912 2393 quoties
923 2331 953 2378 de
964 2345 1034 2394 gente
1047 2335 1148 2379 llomana
1160 2335 1242 2380 Mettia
1253 2335 1293 2382 rel
1305 2337 1360 2380 ile.

303 2392 352 2443 tia,
364 2404 421 2435 nam
428 2391 461 2437 nil
472 2395 560 2442 referre
570 2397 682 2454 arbitror,
692 2402 780 2462 agitur3
792 2401 835 2447 sed
843 2401 881 2447 hic
891 2401 1018 2448 Fulletinm
1028 2401 1141 2448 baba-ua
1148 2419 1200 2448 eum
1211 2405 1357 2465 prenomine

308 2461 373 2506 Meti.
387 2466 462 2524 Atque
473 2467 506 2510 sic
518 2467 735 2517 Drakenborebium
747 2488 843 2535 qnoque
857 2471 922 2520 litem
937 2472 1078 2536 dijudicatae
1092 2475 1159 2522 video
1171 2474 1200 2520 ad
1213 2476 1263 2520 liv.
1276 2475 1300 2530 1,
1317 2475 1356 2520 23.

306 2554 338 2564 -
349 2529 403 2586 643.
416 2533 564 2595 Dispulernnt
580 2538 667 2585 lllotlie.
680 2556 693 2585 a
704 2557 735 2586 ιιι.
748 2558 794 2588 aee.
813 2551 866 2588 actu
881 2541 951 2589 Gotlt.
971 2559 1017 2590 ter.
1029 2570 1061 2578 -
1072 2543 1126 2600 645.
1139 2542 1204 2590 malit
1222 2544 1304 2590 abraae
1315 2547 1354 2590 Jo.

307 2596 429 2644 Schrader.
441 2618 520 2664 sparso
530 2607 617 2668 iligna,
628 2612 704 2656 minua
714 2611 790 2659 docte.
803 2639 834 2649 -
845 2612 898 2670 646.
913 2617 1053 2678 Tarquitium
1061 2614 1121 2659 Ven.
1130 2613 1230 2659 Dorrill.
1240 2613 1283 2658 lid.
1294 2613 1353 2660 Ven.

308 2680 331 2713 et
349 2667 393 2726 al,
413 2684 438 2717 ut
456 2686 479 2719 et
497 2674 553 2722 alibi
572 2678 700 2727 aberratur.
718 2684 817 2729 Prosenu
834 2683 902 2730 multi
913 2687 998 2747 passim
1009 2701 1062 2731 eum
1075 2687 1154 2741 llom,
1174 2695 1201 2730 ut
1212 2700 1251 2746 ap.
1263 2685 1355 2731 livium

308 2755 417 2803 quoque,
437 2744 484 2790 rid.
505 2747 605 2796 Gronov.
627 2765 649 2798 et
668 2753 786 2802 Draltenb.
806 2757 836 2802 ad
854 2755 895 2801 lib.
908 2757 940 2812 tt,
954 2773 977 2819 9.
996 2752 1208 2818 Gratianopriror‚
1227 2753 1354 2818 Itrpra'rar,

306 2807 428 2872 Πορσίνας
441 2827 464 2860 ιι
474 2815 591 2864 Porsenna
607 2825 676 2868 etiam
693 2823 781 2871 Medic.
793 2851 825 2861 -
836 2825 890 2888 647.
905 2829 1058 2890 ingentemque
1068 2825 1130 2872 Gnd.
1142 2841 1154 2871 n
1166 2841 1197 2870 m.
1210 2841 1246 2888 pr.
1257 2851 1289 2861 —
1299 2825 1351 2872 650.

305 2951 406 3024 plinam
416 2973 536 3029 spectare
548 2964 627 3018 facile
639 2967 803 3040 intelligitur.
853 2987 915 3036 nas,
927 2973 1051 3047 viamque
1061 2970 1112 3021 sibi
1125 2968 1160 3021 ad
1172 2971 1348 3040 principatum

305 3031 388 3086 Servii
396 3055 491 3093 caussa
499 3061 644 3097 monemus.
658 3049 692 3099 ef.
703 3047 803 3119 Corda,
853 3049 1010 3101 Latinorum
1035 3051 1140 3120 paravit
1158 3071 1164 3099 ι
1187 3049 1305 3120 quaesivit
1323 3049 1350 3098 in

307 3133 386 3184 quem
395 3129 422 3168 et
430 3121 491 3173 vide
500 3141 525 3173 v.
536 3124 583 3191 641
598 3125 631 3178 de
641 3144 804 3198 poreacoesa,

306 3213 338 3246 ex
349 3213 423 3251 more
433 3216 563 3273 perpetuo
573 3223 710 3260 sacrorum
720 3211 748 3260 in
758 3210 807 3260 foe-

305 3273 414 3328 cleribus
426 3281 570 3344 faciendis3
581 3301 605 3334 v.
620 3304 644 3336 e.
655 3287 712 3347 Liv.
723 3289 749 3353 l,
762 3289 804 3354 ai·

304 3353 351 3407 Est
361 3369 387 3408 et
399 3357 451 3411 hoe
464 3375 648 3432 argumentum
660 3367 804 3420 multorum

225 3451 229 3462 ’
304 3453 460 3505 numerum,
476 3443 596 3513 inprimis
610 3445 703 3498 Gentis
715 3447 804 3520 Sulpi-

305 3518 367 3583 eiae,
379 3518 506 3586 Veturia,
519 3525 652 3578 Antestite.

340 3598 804 3676 642-645.Liv.1,27‚28.Quod

305 3689 388 3744 poeta
409 3683 504 3732 merito
528 3683 597 3735 inter
620 3687 804 3741 memorabilia

305 3758 420 3828 antique
442 3759 558 3814 historie
581 3762 680 3816 habere
701 3769 805 3837 potuit,

305 3847 363 3885 erat
371 3837 440 3905 Alba
452 3841 559 3893 diruta:
576 3845 726 3914 qnallomte
738 3865 802 3918 opes

305 3914 402 3986 insigni
414 3920 495 3972 modo
504 3925 579 3976 fuere
590 3937 688 3988 anetn;
700 3943 804 3979 sucees-

305 3995 342 4044 sit
357 3995 395 4046 sie
413 3999 519 4053 colonia
530 4005 557 4054 in
569 4005 748 4076 metropoleos
764 4005 805 4057 lo-

304 4091 367 4126 eum
385 4076 534 4149 principem
554 4084 623 4138 inter
641 4085 721 4139 urbes
732 4087 804 4140 Lati-

854 3131 1008 3181 narratione
1020 3127 1137 3200 aliquid,
1147 3127 1221 3199 qnod
1235 3127 1349 3177 novitate

855 3227 903 3260 sua
921 3210 1037 3261 animum
1048 3220 1179 3270 moveret,
1193 3219 1220 3258 et
1229 3218 1348 3257 ornatum

854 3289 965 3339 carmini
981 3285 1099 3339 adderet.
1118 3285 1191 3338 ldem
1210 3298 1276 3356 puta
1291 3303 1348 3336 eunt

853 3379 987 3437 spectasse
999 3369 1026 3418 in
1038 3379 1187 3418 ceterarum
1204 3383 1292 3418 rerum
1311 3365 1349 3416 di·

853 3445 932 3498 lectu.
954 3477 989 3487 -·
1009 3447 1070 3513 643.
1096 3446 1175 3498 docte
1203 3463 1349 3516 magnaque

853 3544 913 3578 ettm
933 3529 959 3578 vi
978 3529 1081 3578 inversa
1099 3527 1185 3577 oratio
1201 3526 1229 3576 in
1244 3524 1295 3577 illis
1305 3547 1312 3575 :
1323 3533 1351 3574 nt

853 3606 923 3657 tud.
940 3625 1006 3678 pro:
1026 3605 1099 3677 quod
1111 3607 1139 3656 in
1150 3603 1202 3656 lide
1214 3623 1268 3655 non
1279 3623 1349 3656 man·

852 3697 931 3738 serat.
943 3685 1075 3738 mendacis
1081 3685 1190 3757 proprie
1200 3682 1301 3755 perlidi.
1310 3684 1348 3735 De

855 3765 990 3818 foeditates
997 3765 1131 3836 poetaenli
1140 3763 1223 3815 oeulis
1234 3765 1349 3834 ingrata,

853 3863 877 3898 v.
892 3848 920 3899 in
930 3845 1038 3897 Etcum.
1052 3845 1088 3896 tv
1099 3843 1133 3896 ad
1147 3843 1174 3894 b.
1188 3841 1249 3894 libr.

887 3925 940 3992 646
949 3955 984 3965 -·
995 3923 1056 3978 651.
1070 3925 1126 3975 Liv.
1142 3925 1180 3989 ll,
1193 3941 1211 3993 9
1222 3939 1262 3993 sq.
1272 3921 1349 3975 Effic-

852 4017 894 4056 tus
905 4019 994 4058 autem
1002 4007 1135 4057 Porsenna
1147 4015 1220 4055 stans
1233 4001 1267 4053 ad
1275 4002 1350 4054 Tibe·

852 4087 911 4138 rirn.
928 4115 962 4127 -
979 4085 1039 4142 650.
1061 4093 1168 4156 pontem
1191 4083 1349 4149 sublicium,
