3022 4682
460 419 695 490 AENElDOS
719 420 874 485 LIBER
897 423 961 485 vt.
1173 441 1231 487 ror

188 893 260 999 Sto
274 931 360 995 latur
370 931 558 1012 lacrimam,
572 934 734 1022 classique
747 932 883 996 inmittit
894 929 1053 1012 habenas,

187 1035 230 1098 Et
243 1034 376 1100 tandem
389 1037 543 1102 Euboicis
556 1040 735 1102 Cumarum
747 1035 912 1102 adlabitur
924 1036 1001 1104 oris.

113 1127 118 1132 ¹
186 1139 375 1205 Obvertunt
388 1141 505 1230 pelago
515 1155 646 1230 proras;
659 1159 730 1205 tum
743 1140 842 1206 deute
855 1143 965 1208 tenaci

186 1247 317 1310 Ancora
330 1245 489 1312 fundabat
503 1247 609 1326 navis,
624 1264 656 1312 et
667 1248 762 1312 litora
775 1269 884 1313 curvas

188 1351 376 1416 Praetexunt
387 1375 531 1441 puppes;
541 1353 703 1442 juvenum
715 1377 830 1418 manus
844 1355 962 1419 emicat
974 1351 1093 1418 ardens
1224 1367 1236 1412 ⁵

189 1455 283 1522 Litus
296 1456 329 1520 in
343 1458 557 1545 Hesperium;
571 1459 687 1548 qnaerit
699 1481 774 1547 pars
786 1460 911 1523 semina
925 1458 1065 1522 flammae

185 1559 344 1630 Abstrusa
358 1563 393 1626 in
404 1563 496 1628 venis
509 1564 622 1645 silicis;
635 1587 710 1653 pars
724 1563 826 1629 densa
838 1565 983 1628 ferarum

223 1733 244 1763 r.
258 1733 279 1763 a.
291 1719 326 1765 De
339 1717 375 1766 his
387 1736 471 1776 versa,
481 1737 540 1786 quos
552 1721 591 1768 alii
605 1721 658 1768 libri
671 1725 798 1786 superioria
812 1723 853 1769 lini
871 1723 1014 1786 subjiciunt,
1026 1739 1048 1768 v.
1061 1719 1090 1766 ad
1103 1737 1123 1766 e.
1136 1719 1152 1766 Ι.
1166 1719 1238 1766 ethic

186 1791 252 1836 Serv.
262 1806 323 1836 -ι,
341 1791 465 1851 Cymarum
476 1797 559 1856 passim
571 1796 724 1842 vetustiaaima
736 1793 885 1858 exemplaria.
899 1795 945 1841 vid.
958 1795 1036 1841 litim.
1050 1794 1080 1838 cl.
1099 1795 1159 1838 Picr.
1173 1792 1203 1837 ad
1214 1808 1237 1837 r.

187 1859 218 1920 98
231 1875 258 1906 ex
268 1855 344 1920 Κύμη.
357 1887 388 1897 -
398 1863 419 1908 3.
432 1864 562 1910 obtendunt
574 1864 633 1911 alter
645 1865 737 1926 blenag.
751 1881 804 1910 cum
813 1865 836 1910 d.
848 1880 894 1910 ser.
906 1863 987 1910 llatnb.
996 1889 1028 1900 ·-
1037 1863 1059 1919 4.
1066 1861 1182 1924 fundebat
1192 1873 1240 1906 tres

187 1931 305 1976 Βω-
315 1933 336 1978 5.
350 1935 475 1982 Protexnrtt
486 1937 574 1982 zulich.
588 1951 611 1984 et
622 1937 675 1982 Ere.
685 1939 813 1982 Burmann.
824 1941 906 1982 eminet
916 1953 952 1998 pr.
966 1937 1050 1982 bloret.
1058 1960 1089 1971 -
1097 1951 1118 1996 7.
1127 1933 1239 1980 Obstrusu

189 1999 281 2066 aliquot
294 2005 354 2050 Pier.
366 2019 389 2050 et
401 2007 526 2054 Burmann.
537 2023 565 2056 ex
577 2024 650 2054 more.
668 2005 805 2054 Absarrum
817 2012 889 2072 ι’φκιιι
901 2009 984 2070 Georg.
998 2008 1021 2062 l,
1044 2005 1083 2052 135
1096 2005 1203 2050 uidimus.
1217 2007 1240 2048 itt

230 2134 363 2192 1—8.'sse
378 2133 439 2202 quiere
451 2135 582 2207 despexisti
595 2143 692 2192 llorne·
740 2139 767 2206 4.
781 2142 854 2192 coni.
870 2137 1039 2190 Wernsdorl.
1053 2138 1080 2187 P.
1096 2137 1132 2186 Μ,
1146 2136 1177 2186 Τ.
1187 2137 1241 2201 lv,

191 2215 288 2266 rieum.
308 2216 414 2268 Novum
430 2215 535 2270 clarum
554 2222 591 2285 ei,
614 2237 693 2289 quem
740 2237 767 2288 p.
781 2219 834 2288 393
847 2235 887 2288 sq.
901 2217 987 2269 llabet
999 2233 1040 2266 res
1054 2215 1241 2276 difficultates,

191 2292 332 2346 Palinurus
345 2297 377 2346 in
387 2315 460 2348 mare
472 2315 590 2369 praeceps
603 2317 693 2350 secum
742 2313 800 2366 qnae
821 2308 910 2347 tamen
934 2294 969 2346 ad
993 2306 1080 2364 poeta
1100 2293 1242 2343 lectionem

192 2373 320 2426 avelleret
350 2373 434 2446 (sup.
459 2378 498 2438 V,
517 2377 576 2430 588.
600 2377 692 2449 589),
741 2369 1240 2426 nibillaciunt.Cf.SimsoniChronie.

192 2453 691 2518 substitutumfuissenondubit03sed
742 2453 774 2506 ad
792 2453 822 2504 Α.
847 2454 884 2504 Μ.
911 2452 986 2520 1954.
1004 2452 1032 2517 ΙΔ
1053 2451 1152 2502 seriore
1171 2463 1242 2502 certe

191 2531 245 2584 hoc
263 2552 315 2584 non
333 2534 475 2603 est‚clussi
491 2535 598 2588 immisit
615 2536 691 2588 lrabe-
740 2546 860 2605 tempore
889 2531 924 2584 ad
953 2531 1130 2601 antiquiorem
1154 2530 1245 2582 AEueae

191 2629 257 2673 nas,·
279 2632 370 2664 verum
398 2615 553 2686 simpliciter
579 2627 689 2686 excepto
739 2625 843 2664 aetatem
863 2611 960 2664 Cumas
983 2629 997 2662 a
1021 2608 1241 2660 Chalcidensibus

190 2693 256 2746 velis
269 2697 391 2766 expansis
408 2710 501 2762 rento,
521 2715 626 2749 cursum
646 2715 690 2748 ur·
739 2693 976 2746 conditasretraait
984 2690 1118 2762 Virgilius.
1128 2691 1162 2741 cl.
1173 2689 1240 2743 Gell.

137 2808 142 2820 ι
190 2775 271 2847 gebat
284 2775 385 2840 classis,
394 2789 419 2828 et
427 2795 521 2828 navem
531 2777 640 2850 regebat
648 2777 690 2828 ΑΕ·
738 2775 772 2839 Χ,
785 2775 823 2826 16.
832 2774 897 2826 -3.
907 2773 983 2824 deute
992 2769 1083 2822 tenaci.
1093 2787 1152 2840 sup.
1162 2771 1181 2834 l,
1194 2772 1243 2838 169

190 2872 269 2920 neas,
287 2858 375 2926 quiin
394 2857 510 2909 Palinuri
529 2856 616 2908 locum
633 2875 692 2908 sue·
742 2871 809 2904 uoco
836 2871 888 2904 uon
907 2849 1005 2922 ulliput
1023 2867 1120 2898 ancora
1146 2867 1241 2900 morsu.

191 2947 316 2985 cesserat.
329 2936 400 2986 Nota
412 2935 570 3006 metaphora
582 2935 616 2988 ab
626 2937 694 2988 anri·
737 2931 873 3003 fundabat
883 2929 1038 3001 exquisitius
1050 2946 1144 2998 quam,
1159 2926 1245 2978 firma·

192 3013 322 3082 gatione:
346 3033 426 3083 quam
448 3033 507 3084 sup.
528 3015 566 3080 V,
589 3015 639 3068 662
660 3013 693 3066 de
742 3012 802 3076 hat,
816 3011 931 3064 tenebat.
945 3027 969 3059 v.
985 3009 1010 3060 6.
1029 3025 1053 3076 7.
1067 3005 1169 3057 Similia
1185 3007 1242 3056 AEn.

193 3089 301 3144 flamma
324 3093 437 3144 vidimus
456 3115 462 3144 :
479 3093 552 3163 furit
577 3094 695 3146 immissis
744 3093 769 3157 1,
785 3090 901 3160 174sqq.
915 3087 953 3140 Ac
964 3088 1081 3157 primum
1092 3081 1162 3150 silici
1175 3083 1245 3134 scin-

196 3169 332 3226 Vulcanus
352 3171 508 3223 habenis-
529 3189 551 3224 a.
573 3172 697 3224 Euboicis
746 3168 832 3220 tiliam
848 3167 954 3219 excudit
967 3163 1079 3216 Achates
1093 3175 1143 3214 etc.
1157 3172 1182 3214 et
1196 3163 1244 3214 Ge,

196 3251 339 3302 Cumarum
355 3250 413 3302 oris.
426 3251 481 3301 Liv.
498 3252 575 3313 vlit,
590 3267 622 3302 aa
644 3253 695 3300 Cu·
745 3249 772 3312 1,
794 3248 840 3301 135
864 3247 897 3299 Ut
912 3244 992 3297 silicis
1011 3242 1082 3294 venis
1101 3241 1246 3292 abstrusum

195 3329 271 3380 muni
288 3331 321 3380 ab
341 3327 465 3381 Chalcide
481 3329 599 3380 Euboica
616 3326 697 3398 oripi·
746 3325 882 3376 excuderet
910 3325 1005 3396 ipnem.
1039 3317 1133 3387 wippa
1161 3313 1248 3384 esopi:

195 3425 257 3458 nem
274 3407 388 3460 trahunt.
406 3427 431 3460 v.
450 3407 555 3460 Cluver.
569 3406 627 3458 lut.
641 3418 695 3458 ant.
747 3403 819 3474 apud
839 3405 944 3454 llomer.
967 3412 1069 3452 notum.
1091 3397 1248 3468 paradeum

195 3487 244 3540 lib.
254 3489 304 3555 lv,
316 3508 342 3559 p.
359 3507 439 3554 1102,
457 3503 483 3541 et
496 3489 542 3560 qui
555 3506 641 3558 nuper
656 3488 697 3538 ni·
740 3483 862 3555 semrom
882 3484 958 3534 Tecta
978 3480 1050 3550 rapit
1067 3477 1152 3530 siluas.
1175 3478 1247 3546 Quid

195 3569 246 3619 mis
263 3586 374 3638 operose
390 3589 445 3621 rem
464 3581 644 3641 prosequutus
657 3578 698 3618 est
746 3575 785 3616 est
810 3562 897 3633 rupit?
921 3563 956 3625 si,
981 3559 1108 3628 corripit,
1132 3557 1246 3634 colligit,

196 3648 324 3720 singulari
360 3648 493 3702 volumine
525 3645 696 3700 Martorellns
746 3638 1247 3716 comportat3ant,diripit3nibilpo·

196 3726 280 3796 Neap.
292 3726 303 3794 (
317 3724 362 3778 Gli
371 3727 482 3778 Euboici
493 3727 595 3780 secandi
605 3725 697 3777 Attea·
746 3737 797 3776 test
813 3725 930 3794 jejunius
950 3721 1004 3776 dici
1025 3720 1172 3792 grandibus
1189 3721 1245 3772 istis

198 3805 248 3854 tori
268 3803 338 3856 della
364 3804 431 3858 citui
449 3806 476 3858 di
503 3804 603 3878 Napoit'
619 3805 637 3876 )
657 3807 696 3858 De
747 3819 773 3858 et
785 3803 896 3876 turgidis
911 3802 1016 3854 verbist
1033 3801 1110 3854 densa
1122 3800 1246 3872 sermm

198 3882 381 3936 conditoribus
405 3884 480 3936 loeus
503 3885 627 3936 classicus
653 3903 696 3956 ap.
748 3896 820 3938 tectu.
840 3885 922 3956 igitur
942 3894 1021 3953 poeta
1038 3883 1186 3934 necessario
1202 3881 1247 3933 de·

197 3963 320 4015 Strabon.
332 3965 369 4029 V,
379 3985 406 4035 p.
420 3965 479 4030 243.
491 3965 611 4036 Origines
624 3963 696 4016 urbis
746 3964 805 4016 buit
819 3965 857 4016 ita
869 3965 1004 4035 accipere:
1018 3963 1088 4034 rapit
1099 3981 1195 4026 eursu,
1206 3981 1246 4013 ra·

199 4043 356 4096 antecedere
369 4043 484 4096 debuere
497 4043 697 4095 coloniasloni-
746 4043 811 4116 pido
831 4061 910 4096 cursu
926 4042 1087 4114 perlustrant
1106 4043 1200 4106 silvas,
1217 4053 1246 4090 ut

199 4141 244 4176 eas
254 4135 280 4176 et
288 4124 410 4178 AEolieas.
423 4143 447 4176 r.
460 4123 553 4178 Vellei.
564 4123 662 4178 Patere.
672 4126 697 4191 1,
746 4125 788 4178 vel
803 4125 904 4179 fontem
922 4141 997 4196 aquae
1009 4123 1183 4192 investigent,
1204 4116 1247 4169 vel
