2996 4694
468 403 700 470 IENEIDOS
724 405 877 469 LIBER
898 407 937 472 V.
1178 433 1215 497 7¹

187 527 275 592 Turn
288 527 397 592 senior
407 527 543 607 Nautes,
557 550 657 591 unum
669 529 818 592 Tritonia
831 529 933 594 Pallas

189 635 297 714 Quem
309 630 435 711 docuit,
448 633 613 723 multaque
627 635 787 722 insignem
800 632 944 698 reddidit
955 650 1037 714 arte,
1176 649 1219 712 7⁰⁵

192 738 271 801 Haec
284 759 438 825 responsa
451 737 561 816 dabat,
575 739 625 802 vel
639 761 712 828 quae
724 737 935 826 portenderet
947 740 994 803 ira

191 844 309 928 Magna
321 841 435 922 deoru,
448 844 499 908 vel
513 866 586 933 quae
599 845 741 908 fatorum
753 863 902 931 posceret
914 844 1006 909 ordo.

192 947 290 1034 Isque
303 947 353 1014 his
366 951 487 1014 AEnean
500 951 623 1014 solatus
633 947 771 1013 vocibus
783 950 874 1014 infit:

196 1079 208 1108 a
224 1053 304 1116 Nate
317 1052 392 1132 dea,
406 1077 473 1142 quo
484 1054 550 1118 fata
562 1053 696 1118 trahunt
708 1052 958 1142 retrahuntque‚
972 1074 1165 1141 sequamur:

191 1157 361 1247 Quidquid
376 1162 451 1239 erit3
464 1158 649 1248 superanda
661 1161 767 1224 omnis
779 1161 911 1224 fortuna
923 1158 1060 1224 ferendo
1073 1175 1131 1224 est.
1181 1187 1224 1233 για

192 1265 251 1327 Est
263 1262 322 1328 tibi
334 1263 517 1330 Dardanius
530 1263 649 1330 divinae
661 1266 769 1354 stirpis
782 1269 914 1332 Acestes
926 1289 932 1328 ι

194 1369 291 1434 Hunc
304 1391 384 1457 cape
396 1370 539 1436 consiliis
551 1371 691 1451 socium,
705 1388 738 1435 et
749 1371 913 1461 conjunge
924 1371 1106 1448 volentem3

223 1551 275 1614 7⁰4.
294 1551 350 1596 Cum
366 1552 456 1616 aliquot
472 1567 495 1600 et
514 1553 552 1600 bie
571 1571 608 1618 ap.
626 1556 704 1602 uetus.
721 1557 803 1601 Naeuu's
817 1555 877 1600 Gnd.
894 1565 956 1602 vater
972 1555 1042 1602 Goth.
1057 1565 1109 1600 tert.
1125 1577 1157 1590 ·-·
1172 1553 1226 1615 706.

191 1623 248 1666 Hoec
254 1638 273 1667 r.
281 1621 355 1667 dabat.
363 1622 482 1670 salebrosa
490 1626 578 1680 oratio,
585 1639 697 1688 aequente
704 1627 809 1688 inprimit
816 1627 883 1688 Isque
890 1624 923 1672 tu
930 1627 961 1672 A.
970 1625 1050 1672 Malim
1059 1639 1064 1670 ε
1074 1623 1227 1682 Hicfflantet)

190 1706 295 1753 nepam
306 1691 386 1747 dabat,
399 1693 454 1740 dare
472 1694 574 1750 solebat,
591 1709 660 1756 anper
679 1697 721 1750 iia,
731 1709 791 1758 quat
803 1692 878 1740 oel-
886 1694 929 1742 vel.
943 1697 1010 1760 Isque
1020 1719 1051 1730 ·-
1062 1705 1088 1739 ut
1101 1695 1227 1756 jungatur:

121 1799 129 1813 ,
193 1763 251 1806 Tum
261 1763 334 1808 senior
342 1765 428 1808 Nautes
439 1765 498 1824 infit:
508 1763 550 1811 aed
561 1767 682 1827 interjecta
693 1763 736 1810 alia
746 1767 848 1821 ratione,
861 1766 939 1828 Isque,
948 1767 970 1810 1⁸
978 1767 1085 1827 inquam,
1097 1762 1228 1824 subjeetum

190 1842 232 1878 eat.
242 1832 274 1876 lta
282 1832 350 1879 tacite
362 1850 439 1881 eareat
450 1837 603 1898 interpretum
611 1838 713 1900 argutiis.
725 1837 753 1882 Et
764 1849 797 1883 eat
808 1835 843 1882 ttc
855 1839 879 1882 in
889 1853 928 1900 qn.
942 1836 1025 1882 Moret.
1036 1831 1226 1878 Emendationern

191 1915 291 1948 nottrun
303 1906 328 1949 in
335 1918 467 1952 eonoexturn
476 1911 565 1970 recepit
572 1908 671 1954 Brnnrk.
680 1909 821 1970 permutem
831 1913 907 1971 sprot.
917 1903 1131 1972 protenderentur
1145 1901 1227 1947 flami».

191 1975 335 2034 portenderat
346 1976 392 2021 tuf.
401 2001 432 2012 -
441 1977 494 2038 708.
504 1981 581 2042 Atque
590 1977 623 2024 bis
632 1979 702 2026 video
714 1982 739 2024 in
747 1980 824 2042 vnlpp.
837 1981 924 2044 Hispue
933 1983 951 2025 t't
961 1979 1034 2040 bigot.
1042 1979 1137 2038 lantque
1149 1972 1182 2018 hr's
1191 1987 1227 2034 pr.

193 2043 274 2090 Hamb.
287 2047 372 2110 Hisque
384 2048 472 2093 AEttecm
485 2049 555 2094 wall.
569 2053 640 2112 inquit
648 2051 696 2095 dno
707 2051 832 2096 Burmann.
843 2053 916 2096 Totus
929 2065 1007 2096 verton
1019 2048 1098 2093 deerat
1108 2047 1197 2104 {inpen-
1215 2059 1228 2088 a

194 2127 225 2156 m·
237 2129 272 2174 pr.
283 2138 314 2150 —
324 2116 477 2177 proferenda
485 2127 520 2164 eat
529 2118 599 2164 Watl.
609 2131 642 2164 ert
654 2119 719 2164 deett
728 2119 820 2165 duobus
833 2122 911 2164 burm.
929 2131 951 2164 et
961 2119 1021 2162 bittit
1030 2115 1100 2160 Goth.
1112 2113 1158 2158 Sed
1174 2110 1229 2156 talia

194 2191 275 2227 notare
291 2183 380 2230 infinita
395 2201 432 2232 rea
447 2199 588 2248 aaa-711.
604 2189 647 2232 Est
662 2185 715 2232 mitri
729 2187 798 2232 Goth.
811 2199 962 2248 tert-712.
975 2182 1062 2230 amru
1078 2183 1162 2227 rocitm
1177 2193 1230 2240 pm

231 2347 394 2418 704-708.
407 2350 652 2423 Magnipoetavirn
663 2366 689 2404 et
739 2369 755 2404 a
777 2349 827 2402 diia
854 2364 922 2402 artes
948 2347 1035 2400 edocti
1059 2343 1227 2396 inducuntur.

195 2427 312 2479 indolem
338 2446 451 2502 agnosce
472 2431 500 2482 in
523 2429 589 2497 lroc,
615 2429 688 2501 quod
737 2459 772 2470 -
787 2448 886 2495 unum,
900 2427 973 2499 quod
984 2427 1088 2498 plenius
1101 2423 1228 2475 effertur:

195 2523 264 2571 rem,
278 2524 357 2577 quom
367 2510 464 2561 factam
473 2509 540 2561 alius
550 2507 621 2564 nude
632 2511 688 2561 tine
738 2526 816 2578 quern
827 2527 907 2560 unum
921 2509 1038 2558 omnium
1051 2505 1161 2555 maxime
1172 2499 1230 2551 P'al-

195 2587 351 2638 auetoritate
373 2600 398 2639 et
417 2591 591 2659 apparatione
607 2608 688 2660 expo-
737 2587 775 2639 las
788 2587 886 2638 docuit.
899 2587 955 2638 Nec
967 2603 1063 2636 norum
1076 2583 1143 2645 boc,
1156 2577 1231 2651 quod

194 2667 302 2730 auisset,
324 2686 340 2719 a
360 2667 471 2719 consilio
483 2668 621 2738 prudentis
640 2668 688 2720 ali·
735 2666 821 2718 Pallas
832 2665 994 2718 vaticinandi
1007 2677 1089 2716 artem
1108 2660 1232 2732 imperti-

194 2745 270 2814 cujus
287 2746 364 2797 amici
380 2745 526 2816 proficisci,
545 2761 571 2800 et
588 2747 621 2800 ab
634 2747 689 2798 An·
736 2758 787 2796 tor.
805 2745 892 2796 Habet
912 2741 1060 2813 exemplam
1080 2743 1108 2791 in
1128 2739 1233 2790 Tiresia

194 2821 273 2874 obiere
290 2823 383 2874 umbro
396 2844 444 2895 per
456 2844 577 2876 somnum
596 2825 688 2877 oblata
737 2843 779 2894 ap.
792 2823 894 2875 Gallim.
908 2825 939 2874 H.
951 2825 978 2873 in
988 2823 1052 2872 Lau.
1063 2821 1089 2870 P.
1106 2819 1154 2871 123
1169 2833 1229 2887 sqq.
1247 2843 1250 2848 ·

195 2899 687 2974 AEnereapprobarifacit;muitovero
735 2905 818 2974 Igitur
842 2903 886 2955 bio
909 2903 1009 2954 Nautes
1032 2915 1150 2969 responsa
1176 2896 1230 2947 beto

196 2981 377 3050 magisineo,
390 2982 462 3052 quod
471 2984 565 3034 Neutra
574 3001 690 3054 persona
737 2983 830 3048 dabat,
854 3001 912 3054 quae
931 2999 991 3034 mox
1012 2979 1136 3050 exponit:
1162 2977 1231 3026 Nate

197 3059 293 3120 utitur,
313 3061 387 3126 eujus
408 3079 503 3112 nornen
524 3079 578 3112 non
597 3063 691 3114 obacu·
738 3063 794 3113 deo.
807 3060 953 3132 Respondit
966 3057 1232 3122 antemetinterpra-

198 3153 257 3186 runa
279 3137 347 3188 inter
370 3155 415 3188 eoa
437 3139 566 3207 Trojanot
586 3143 650 3206 fuit,
675 3161 692 3194 a
739 3141 820 3193 tando
832 3141 988 3193 vaticinatos
1006 3149 1046 3190 eat
1061 3154 1106 3200 ea,
1119 3149 1177 3203 que
1189 3133 1232 3184 vet

200 3213 296 3284 quibda
313 3217 434 3268 Romanae
455 3230 545 3288 genter
563 3219 691 3290 originem
740 3219 779 3271 ira
786 3220 864 3272 deum
876 3217 1058 3290 portenderet,
1066 3213 1107 3266 vel
1115 3214 1231 3264 fatorum

200 3293 366 3364 repetebant.
401 3295 461 3344 Fuit
493 3296 562 3346 enim
593 3295 693 3346 Nautio
740 3299 807 3350 ordo
819 3310 1070 3370 posceret‚ostento
1081 3295 1133 3346 hoo
1146 3295 1235 3343 incen-

197 3391 278 3446 tum,
301 3373 374 3446 apud
394 3392 475 3445 quam
497 3372 608 3425 Palladii
629 3391 694 3426 eura
741 3395 828 3430 sarum
838 3382 952 3431 navium.
964 3381 1016 3429 Aut
1026 3377 1080 3427 ittae
1088 3387 1128 3426 eat
1137 3369 1232 3436 Pallae,

200 3468 375 3521 remanserat,
388 3469 476 3507 ortum
488 3453 587 3506 doeens
601 3455 694 3506 aNan·
744 3473 800 3527 quta
815 3457 906 3510 Nautae
918 3457 1048 3524 subjicere
1061 3443 1164 3504 toiobat
1183 3467 1232 3515 ea,

200 3549 241 3599 te,
252 3535 294 3586 vel
305 3537 416 3600 Nautio,
437 3536 482 3606 qui
502 3536 627 3588 Minerva
645 3535 694 3585 Po·
744 3550 801 3607 quoe
819 3537 841 3585 ia
856 3537 1052 3587 vaticinaretur.
1072 3533 1194 3590 Attamen
1206 3533 1234 3582 in

200 3615 279 3668 liadia
296 3616 417 3668 sacerdos
440 3615 589 3669 Palladium
604 3633 693 3668 aecum
742 3615 784 3666 hia
796 3611 897 3685 aliquid
913 3611 972 3664 duri
985 3629 1055 3676 este,
1076 3610 1110 3662 ad
1129 3617 1233 3662 sentim
1321 3623 1323 3628 ’

200 3697 282 3764 Troja
289 3694 455 3764 absportatae
465 3695 632 3748 narrabatur.
643 3695 694 3748 Rea
742 3695 821 3748 facile
831 3707 883 3755 eat3
896 3711 945 3744 nee
952 3691 1037 3744 Pallas
1047 3707 1163 3761 responsa
1173 3691 1235 3741 date

201 3787 266 3826 nota
288 3793 320 3826 ex
343 3775 449 3844 Dionys.
477 3775 562 3827 Ilalie.
586 3777 635 3842 vl,
658 3777 694 3845 69
742 3776 817 3828 tolet.
837 3777 930 3844 ltaque
946 3771 980 3824 de
997 3789 1022 3822 v.
1044 3771 1103 3841 706.
1129 3785 1180 3840 7⁰7
1198 3771 1233 3821 cf.

204 3853 251 3922 (p.
267 3853 389 3924 393),ss
401 3851 489 3905 Servio
502 3852 537 3905 ad
553 3853 580 3904 b.
600 3854 694 3926 i.‚qui
741 3855 890 3909 volent.

204 3931 373 3984 varronisde
391 3932 506 3984 ramnus
526 3933 646 4002 nojant.
665 3936 695 3986 n-
778 3933 941 4006 709-718·
960 3901 1088 3981 attinuit
1103 3928 1130 3979 n.
1151 3928 1170 3978 t.
1188 3943 1235 3978 va-

204 4011 268 4062 brot
286 4013 389 4064 excitat.
406 4013 473 4064 Hinc
486 4009 575 4064 Pallor
590 4014 695 4067 Nauten
744 4029 796 4067 tem
819 4025 900 4083 poeta
922 4029 953 4064 ex
975 4011 1118 4062 vetustiore
1145 4021 1234 4069 more,

204 4088 231 4142 b.
242 4089 261 4143 l.
271 4090 373 4158 docuit,
385 4103 490 4163 ntsape
500 4109 543 4163 ap.
553 4091 695 4146 Homerum
744 4111 798 4165 quo
809 4105 899 4146 ratur·
912 4109 942 4146 ac
958 4088 1150 4163 prophetatura
1164 4086 1239 4154 ipso-
