2968 4696
459 389 522 452 an
546 387 745 452 aranon
768 389 860 482 vu..
1115 395 1177 483 377

148 513 260 572 credidit
269 511 419 582 antiquitas.
430 511 497 562 Hinc
509 511 611 562 lonium
621 521 647 562 et
657 509 820 564 Adriaticum
832 532 903 565 mare
912 514 996 580 Κρονίην
1009 513 1057 567 dae
1066 517 1183 588 appella·

146 611 202 650 tum
214 594 304 646 videas
315 609 340 640 v.
354 610 376 640 c.
391 589 463 660 apud
472 589 595 660 apollon.
607 592 657 655 tv,
671 591 735 655 510,
749 590 799 658 548
810 605 836 643 et
845 592 894 658 el,
905 607 931 645 et
941 591 1097 652 tto'amr‘t’iec
1110 597 1182 668 apud

146 674 261 746 AEscbyl.
278 669 407 722 Prometli.
427 669 487 721 836.
505 669 620 721 iuvabat
640 689 745 742 quoque
762 671 789 721 in
802 684 905 742 partem
923 691 1020 726 nomen
1032 676 1103 726 Latii
1115 695 1130 728 a
1142 677 1183 728 la-

147 753 228 807 tendo
240 751 365 812 ductum,
379 747 451 820 quod
464 749 496 799 ad
510 749 627 801 Cronum
641 749 708 801 trahi
722 762 840 821 poterat,
861 753 907 822 qui
924 754 1016 805 lovem
1035 755 1138 826 fugiens
1151 773 1183 807 eo

147 843 263 888 venerat.
275 831 351 893 Vlll,
364 827 414 879 Sao
427 827 509 878 Anna
520 829 592 880 Jouis
599 827 726 901 fraqima,
744 841 770 880 et
787 831 871 901 regnis
882 830 957 883 exsul
967 832 1082 884 ademtis.
1094 835 1131 883 Ex
1141 831 1183 884 his

146 911 315 964 manifestum
334 907 379 972 fit,
401 925 454 977 quo
473 915 512 956 tot
532 906 671 958 doctorum
694 908 810 959 virorum
829 911 931 960 somnia
951 928 981 960 ex
1003 921 1089 981 etymo
1112 911 1185 960 vocis

148 987 228 1041 dueta
237 987 371 1054 recidant,
383 987 462 1038 etiam
474 987 561 1037 suavis
577 985 624 1037 illa
638 987 820 1056 interpretatio
831 989 905 1038 vocis
917 985 1024 1038 Clittim
1037 1004 1096 1037 cum
1109 986 1183 1038 Latio

148 1081 314 1139 comparata.

180 1152 312 1220 Receptus
326 1147 388 1199 inde
404 1159 443 1197 est
458 1146 588 1198 Saturnus
601 1148 629 1198 iu
636 1146 765 1210 Annales,
780 1159 907 1217 tanquam
917 1149 1003 1220 gentis
1012 1147 1142 1210 conditor,
1159 1158 1185 1197 et

146 1228 234 1300 legum
244 1229 355 1296 vitaque
368 1227 478 1278 mitioris
490 1238 592 1290 auctor,
602 1243 699 1294 rexque
709 1226 777 1276 Latii
788 1228 989 1289 vetustissima
997 1228 1035 1276 uti
1045 1225 1133 1277 nullus
1146 1225 1186 1275 fa·

148 1307 198 1360 cile
209 1319 248 1358 est
258 1304 390 1376 populus,
404 1306 448 1374 qui
460 1321 515 1354 non
527 1303 597 1354 idern
612 1303 754 1375 symbolica
767 1308 875 1356 nomina
887 1323 938 1376 pro
955 1307 1044 1376 stirpis
1056 1321 1109 1355 sure
1125 1321 1186 1354 aue·

148 1387 250 1437 toribus
269 1383 399 1436 habuerit.
419 1381 608 1433 Difficultatem
627 1401 658 1433 ac
679 1381 828 1434 molestiam
847 1385 911 1435 iecit
931 1402 991 1434 mox
1012 1380 1186 1452 scriptoribus

147 1468 246 1530 Jecur,
260 1481 337 1534 quem
355 1474 380 1513 et
397 1463 484 1532 ipsum
500 1461 612 1512 mitioris
624 1463 683 1512 vitre
695 1462 764 1512 inter
775 1473 877 1516 veteres
888 1462 969 1514 italos
983 1473 1117 1515 auctorem
1131 1473 1187 1510 tra-

149 1545 233 1598 ditum
242 1533 377 1594 videbant.

180 1625 226 1674 Est
234 1624 318 1673 danus
329 1619 372 1670 bic
384 1633 410 1672 et
419 1622 476 1690 ipse
485 1621 553 1670 inter
564 1620 667 1691 mythos
677 1620 784 1673 Latinos
793 1621 957 1687 referendus,
966 1622 1083 1692 deusque
1094 1637 1186 1672 eorum

149 1701 317 1753 domesticus.
337 1699 408 1748 Nem
429 1697 477 1748 tibi
491 1716 545 1768 per
560 1696 663 1749 nuttam
685 1701 784 1750 Gracia
804 1719 901 1752 numen
921 1700 1011 1765 babet,
1029 1702 1065 1752 ait
1083 1697 1188 1751 Ovidi

147 1783 169 1834 F
170 1795 217 1834 aat.
231 1797 281 1852 9⁰5
294 1797 343 1831 nec
356 1777 466 1842 dubito,
478 1795 538 1827 eum
549 1776 583 1828 ab
596 1778 670 1828 initio
684 1777 773 1842 aliud,
789 1796 868 1847 quam
882 1779 956 1832 almae
968 1791 1084 1842 naturae,
1097 1775 1187 1829 excul-

149 1874 234 1932 teque
247 1862 303 1929 ejus
315 1857 422 1909 dotibus
434 1858 509 1920 vitre,
523 1856 669 1926 symbolum
680 1855 790 1926 aliquod
803 1858 892 1908 fuisse.
906 1858 998 1928 ltaque
1008 1860 1035 1908 in
1044 1854 1189 1908 Saliaribus

149 1937 309 1992 carminibus
324 1937 430 1987 deorum
442 1935 504 1985 deus
518 1934 657 1998 audiebat,
669 1935 799 2005 (Macrob.
814 1937 838 2000 l,
851 1937 879 2007 9)
891 1949 1018 2007 tauquam
1028 1935 1189 2006 principium

150 2037 252 2082 rerum,
266 2016 387 2084 adeoque
397 2014 476 2064 etiam
488 2012 606 2062 deorum.
626 2013 788 2064 Traductum
808 2028 900 2084 postea
918 2016 1065 2086 symbolum
1084 2013 1118 2065 ad
1138 2012 1191 2064 alia

152 2110 280 2170 cognata,
300 2107 328 2144 ut
347 2093 497 2162 designaret
511 2091 629 2142 omnium
647 2109 735 2142 rerum
752 2094 827 2143 initia
844 2105 870 2144 et
882 2096 1011 2165 origines,
1029 2111 1089 2144 mox
1101 2110 1190 2144 rerum

151 2180 240 2240 uices,
253 2188 389 2244 tempora,
403 2188 500 2221 annum
513 2171 621 2238 ejusque
633 2172 759 2222 vertentis
769 2187 796 2221 se
807 2189 876 2221 nova
886 2172 1009 2238 exordia,
1022 2171 1114 2222 mundi
1124 2189 1191 2240 quo-

153 2276 221 2331 que,
241 2273 287 2308 seu
300 2252 355 2305 cali
372 2263 458 2302 ortum
471 2261 496 2300 et
514 2266 654 2313 oceasum,
672 2251 747 2300 etsie
767 2267 861 2320 porro:
875 2253 912 2302 ita
924 2255 1009 2317 euim,
1023 2265 1051 2302 ut
1063 2254 1090 2303 in
1102 2252 1189 2301 varios

153 2337 313 2412 significatus
324 2331 443 2406 symbola
453 2329 690 2400 detorquerentur,
703 2331 761 2400 ipsa
773 2346 814 2380 rea
828 2347 858 2381 ae
872 2333 1015 2383 necessitas
1025 2331 1136 2384 ferebat.
1150 2332 1189 2380 lta

152 2424 239 2492 ipsum
258 2415 424 2486 complexum
442 2410 556 2462 siderum
567 2409 693 2461 etcaelum
712 2409 863 2482 designasse
883 2409 1026 2477 dicendus,
1043 2408 1190 2463 secundum

153 2497 294 2553 Messalam
304 2491 499 2566 apudMacrob.
509 2490 525 2541 l.
535 2510 568 2553 c,
579 2491 665 2560 ipsum
674 2489 765 2554 cbaos,
776 2502 802 2541 et
811 2508 842 2541 ex
856 2509 888 2541 eo
900 2505 986 2543 ortam
995 2510 1083 2544 rerum
1094 2491 1189 2542 faciem

154 2576 225 2649 apud
232 2572 463 2627 Ovidiumini'ast.
472 2571 528 2640 lpr.
536 2569 615 2621 Plura
622 2569 683 2630 alia,
693 2570 771 2620 etiam
780 2569 923 2622 multarum
933 2589 1020 2622 rerum
1031 2573 1146 2632 iuventa,
1155 2566 1189 2619 ad

152 2661 248 2711 Janum
266 2652 380 2706 retulere
398 2652 510 2701 seriores
529 2667 582 2700 non
603 2647 682 2700 modo
692 2647 878 2715 Grammatici,
891 2649 936 2702 sed
950 2664 976 2702 et
987 2653 1129 2722 scriptores
1140 2649 1192 2699 uu-

152 2736 234 2802 mani,
246 2747 275 2786 ut
285 2753 314 2786 ex
322 2731 410 2785 Ovidii
418 2733 487 2782 Fast.
499 2729 546 2782 lib.
556 2731 566 2780 l
576 2728 686 2800 intelligi
698 2741 799 2800 potest,
807 2732 903 2800 partim
913 2750 998 2783 rerum
1010 2729 1189 2792 similitudine,

152 2819 250 2890 partim
260 2814 374 2866 nominis
385 2813 485 2883 origine
500 2809 629 2862 abeundo
640 2810 754 2880 repetita
766 2809 876 2861 inducti.
887 2812 921 2861 el.
933 2809 1052 2862 Macrob.
1064 2809 1116 2860 Sat.
1128 2810 1153 2872 l,
1164 2827 1188 2878 9.

153 2896 226 2948 Serv.
241 2893 274 2944 ad
287 2894 343 2942 AEn.
362 2891 409 2940 Vll
417 2927 425 2954 ,
438 2891 490 2941 610
508 2901 534 2940 et
552 2889 585 2940 al.
606 2887 684 2954 Quod
698 2888 760 2940 belli
775 2891 902 2959 pacisque
914 2889 1064 2941 habebatur
1076 2887 1189 2950 arbiter,

155 2985 241 3025 ortum
253 2972 323 3021 forte
334 2986 388 3018 non
400 2967 506 3018 aliunde
518 2966 627 3031 habuit,
641 2985 720 3036 quam
733 2967 805 3037 quod
813 2969 874 3040 ,ejus
887 2967 979 3038 religio
992 2980 1047 3018 erat
1060 2965 1191 3035 antiquis·

155 3053 235 3102 sima:
249 3046 320 3098 unde
330 3045 492 3108 invaluerat,
502 3057 530 3095 ut
540 3043 612 3095 bello
622 3043 723 3094 indicto
733 3043 860 3115 ternplum
871 3047 926 3114 ejus
938 3045 972 3096 ad
983 3044 1190 3114 supplicationes

153 3137 266 3200 pateret.
276 3123 469 3193 Distinguenda
481 3121 514 3174 ab
527 3124 559 3172 iia
574 3121 626 3172 alia
637 3141 652 3172 a
661 3121 804 3173 acrioribus
817 3122 932 3188 adscita,
941 3123 1123 3192 utprudentiae
1131 3122 1192 3192 opi-

155 3209 201 3259 nio
214 3224 229 3257 a
242 3201 342 3271 duplici
355 3203 435 3262 faeie3
452 3219 501 3252 nec
513 3219 563 3270 pro
577 3200 669 3251 mundi
682 3201 770 3252 anima
786 3203 883 3252 danum
898 3200 996 3251 dictum
1014 3219 1070 3253 esse
1082 3203 1192 3271 antiqua

155 3287 299 3339 auctoritas
315 3282 414 3347 firmat,
434 3295 478 3333 aut
495 3282 563 3333 inter
577 3280 664 3332 sidera
675 3281 737 3332 tani
748 3299 846 3333 numen
859 3294 962 3345 ortum,
975 3283 1012 3334 ita
1028 3295 1058 3334 ut
1071 3282 1193 3334 navicula

154 3367 224 3417 inter
236 3365 336 3415 Rooten
355 3374 381 3414 et
401 3362 533 3432 Virginem
548 3359 581 3411 ab
596 3361 671 3411 initio
684 3359 770 3412 dictus
785 3374 811 3412 et
823 3360 930 3413 habitus
942 3362 1024 3413 Janus
1037 3374 1120 3413 esset:
1134 3379 1193 3431 quae

156 3463 242 3515 nuper
252 3444 302 3494 fuit
313 3444 449 3514 ingeniosa
462 3442 492 3489 V.
506 3439 535 3491 C.
548 3439 652 3510 Dupuis
664 3441 769 3510 opinio:
782 3440 893 3492 Critolai
906 3443 975 3492 enirn
985 3441 1049 3492 fides
1059 3441 1133 3492 nulla
1144 3452 1193 3504 est,

155 3525 324 3576 Grammatici
336 3525 363 3574 iu
376 3522 551 3593 phaenomena
562 3519 636 3572 Arati
645 3518 776 3586 ludentis,
789 3521 818 3572 in
832 3519 901 3573 libro
911 3522 1081 3592 supposititio
1093 3521 1196 3572 Plutar-

156 3601 216 3666 chi,
226 3601 319 3653 Parall.
331 3621 357 3672 p.
371 3601 436 3670 307,
447 3601 506 3654 308.

189 3681 276 3748 Quum
289 3680 342 3733 hoc
351 3699 446 3733 nomen
459 3679 641 3752 symbolicum,
654 3698 714 3732 mox
722 3693 748 3732 et
760 3683 847 3752 ipsum
856 3683 925 3750 inter
936 3683 1127 3734 vetustissimos
1139 3680 1193 3731 Ite-

157 3759 200 3811 tie
214 3759 311 3824 heroes,
322 3777 369 3812 seu
380 3759 516 3812 decresset
529 3761 655 3824 relatum,
668 3759 818 3812 dubitatum
831 3774 871 3811 est
885 3761 953 3812 inter
961 3761 1061 3810 danum
1070 3769 1097 3809 et
1104 3759 1194 3810 Satur·

156 3857 221 3889 aum
232 3851 307 3902 ,uter
314 3840 397 3891 altero
407 3851 476 3892 esset
483 3841 625 3910 antiquior.
636 3839 756 3910 Plerique
766 3853 854 3891 tamen
863 3841 960 3891 lanum
968 3840 1083 3910 priorem
1091 3837 1193 3889 ltaliam

157 3919 302 3972 obtinuisse
321 3931 443 3985 narrant,
463 3933 490 3972 et
508 3919 636 3973 advenam
652 3919 792 3972 Saturnum
809 3920 842 3971 ab
863 3938 894 3971 eo
913 3937 970 3972 esse
989 3931 1141 3990 exceptum:
1155 3919 1190 3970 cf.

156 3995 234 4048 ovid.
247 4000 316 4050 fast.
330 3999 354 4063 1,
368 3999 418 4052 233
428 4017 486 4070 sqq.
502 4012 529 4052 et
541 3999 660 4052 Maerob.
674 3999 727 4051 Sat.
738 4000 765 4065 l,
780 4015 805 4068 7.
818 3999 907 4066 Quum
916 3999 1006 4068 itaque
1015 3997 1091 4050 Maro
1102 4009 1192 4048 noster

157 4076 203 4131 lib.
215 4078 287 4150 Vlll,
300 4077 362 4150 319,
372 4080 490 4153 primum
502 4078 643 4140 Saturnum
654 4081 682 4136 iu
692 4080 910 4160 ltaliam-venisse
919 4079 1007 4148 dicat,
1018 4077 1102 4132 multa
1114 4095 1193 4150 argu·
