2968 4696
258 321 322 404 364
601 315 868 382 excussus
893 317 955 382 111

256 462 284 513 p.
298 440 349 494 355
358 439 381 493 Α
391 441 402 510 (
411 460 438 512 p.
453 439 522 510 232)
534 439 666 505 meminit,
679 439 793 504 conditi,
806 441 828 491 si
839 439 959 492 Soliuum
969 438 1063 494 audias
1073 462 1096 494 c.
1110 443 1142 510 8,
1151 445 1200 497 ubi
1209 465 1236 497 v.
1247 445 1316 501 Sal.

257 539 322 572 mas.
338 540 366 592 p.
383 521 432 590 49,
451 533 530 589 atque
543 519 572 568 in
583 536 615 570 eo
629 517 690 569 loco
702 517 804 583 relicti,
817 519 866 570 etsi
881 518 951 570 Alba
968 518 1050 592 longa
1061 521 1187 588 condite,
1199 537 1226 576 et
1238 526 1310 578 sedo

258 602 333 672 regni
348 603 428 653 facta.
441 600 528 656 Etiam
538 617 571 650 ea
581 599 609 650 in
621 617 650 651 re
666 611 820 668 portentum
836 600 1001 666 intercessit,
1014 601 1087 671 quod
1099 602 1207 676 Dionys.
1221 607 1248 670 l,
1265 607 1308 675 67

257 681 380 750 exponit,
393 692 419 731 et
431 678 464 730 de
478 695 531 748 quc
544 678 729 728 auctoritatem
741 676 851 728 Annalis
867 676 1036 745 Pontificum,
1056 679 1155 747 Cincii,
1170 681 1308 748 cesaris,

257 757 405 811 Tuberonis
415 759 510 812 excitat
521 757 612 808 Victor
622 756 653 807 0.
665 755 697 806 G.
712 757 743 806 li.
760 771 798 824 17.
812 754 975 808 Celonorum
988 756 1096 828 quidem
1108 777 1234 812 numerus
1246 778 1306 814 non

257 835 324 888 adeo
336 855 448 908 maguus
461 853 517 889 esse
526 836 614 906 potuit
624 834 657 886 ab
670 835 761 899 initio,
774 833 905 905 siquidem
917 836 950 887 iis
959 836 1002 900 lo,
1015 833 1070 900 vel,
1081 848 1111 886 ut
1122 837 1168 890 alii
1181 838 1306 892 tradide-

257 929 333 981 rant,
350 915 421 967 nce
431 919 526 988 jugera
537 915 600 965 satis
613 914 688 965 luere
700 912 736 965 ad
748 913 895 965 arandum:
909 933 934 967 v.
950 915 999 965 inf.
1013 914 1048 967 ad
1060 914 1107 967 lib.
1121 918 1170 983 lll,
1190 917 1242 970 316
1259 937 1303 991 sq.

257 995 336 1045 Duxit
346 996 416 1047 enim
428 1013 459 1047 ex
470 1013 503 1045 ea
511 994 664 1046 narratione
673 993 751 1044 Maro
764 1011 857 1063 agrum
866 1009 944 1045 suum
954 1013 971 1046 a
979 995 1074 1046 Latino
1084 1013 1160 1067 rege,
1170 1009 1199 1048 nt
1208 997 1308 1068 Troja-

256 1075 298 1125 nis
310 1076 489 1146 assignaretur
501 1071 644 1136 colendus,
662 1073 846 1142 propositum,
858 1084 888 1123 ut
898 1072 937 1123 ibi
948 1072 1106 1125 videbimus.
1120 1075 1223 1128 Nomen
1240 1076 1305 1129 urbi

258 1172 274 1205 a
285 1153 398 1205 Lavinia
410 1153 524 1205 inditum
538 1165 663 1205 constans
676 1153 729 1202 luit
741 1154 815 1204 lama
827 1170 844 1204 a
855 1151 1001 1222 majoribus
1018 1167 1142 1225 accepta,
1159 1159 1221 1222 etsi,
1242 1175 1305 1228 quar

256 1232 303 1286 illa
313 1235 422 1299 fuisset,
433 1235 506 1285 varie
518 1246 576 1285 erat
586 1231 728 1288 traditum:
741 1250 766 1284 r.
779 1232 888 1304 Dionys.
899 1234 924 1298 l,
935 1232 978 1300 59.
991 1233 1121 1284 Lavinum
1132 1253 1237 1306 quoque
1250 1237 1305 1289 La·

256 1314 306 1365 tini
315 1314 423 1366 fratrem
433 1312 556 1364 videntur
570 1311 719 1384 prodidisse
732 1311 797 1363 olim
814 1310 940 1382 quidam,
952 1325 981 1362 ut
998 1331 1012 1363 e
1029 1310 1120 1363 Servio
1135 1313 1243 1386 colligas
1267 1314 1305 1368 ad

258 1393 305 1445 lib.
320 1393 380 1459 Vll,
394 1395 434 1465 59.
449 1393 501 1445 Sed
513 1391 547 1444 de
558 1391 617 1457 his,
630 1392 757 1462 aliisque,
770 1409 828 1461 que
848 1389 883 1442 ad
902 1391 1043 1443 consilium
1055 1404 1175 1444 nostrum
1190 1411 1245 1445 non
1260 1396 1306 1447 fa-

258 1472 344 1538 ciunt,
354 1471 462 1524 videndi
474 1471 610 1524 Cluverius
624 1482 649 1523 et
662 1471 774 1542 Vulpius
787 1473 845 1522 Lat.
863 1483 918 1522 ant.
936 1471 1011 1522 Tom.
1029 1472 1072 1522 vt.
1093 1472 1155 1524 edd.
1171 1473 1304 1527 Lucstelli

256 1551 325 1605 Diss.
337 1554 364 1603 in
376 1553 441 1605 Diri.
454 1549 516 1604 dcll'
527 1551 684 1603 Arcademia
697 1551 725 1602 di
739 1552 849 1602 Cortona
862 1552 938 1604 Τοιιι.
953 1552 1014 1617 vlt,
1031 1571 1059 1623 p.
1074 1569 1133 1624 ¹⁰9·
1147 1555 1203 1605 Hoc
1217 1573 1303 1606 unum

256 1633 433 1698 monebimus,
445 1629 604 1684 Lauroiavin
609 1631 628 1681 ii
639 1649 738 1682 nornen
748 1629 782 1682 ad
792 1632 894 1684 seriora
903 1643 1024 1702 tempora
1035 1645 1098 1702 post
1105 1633 1300 1704 Vespasianum

258 1726 392 1784 spectare;
410 1711 517 1764 colonia
530 1713 598 1762 forte
611 1729 641 1762 ex
655 1711 832 1762 Laurentibus
847 1725 874 1763 et
885 1712 1056 1765 Larinatibus
1069 1715 1096 1764 in
1109 1731 1190 1766 unam
1206 1714 1303 1768 urbem

257 1795 417 1863 conscripta.
432 1795 526 1844 Pereat
538 1794 566 1843 in
578 1791 630 1844 hoc
642 1789 747 1844 Servius
761 1791 796 1842 ad
807 1791 868 1856 Vll,
881 1791 915 1860 59
927 1804 953 1844 et
968 1792 1031 1844 alibi
1041 1811 1102 1844 cum
1115 1794 1181 1846 aliis.

291 1875 376 1925 Nobis
389 1873 529 1924 Numicius
538 1871 626 1924 adhuc
638 1871 720 1924 verbo
731 1871 979 1924 commemorandus
992 1886 1045 1938 est,
1058 1875 1127 1924 inter
1139 1876 1302 1926 Laurentum

259 1973 290 2006 ac
298 1954 437 2006 Lavinium
448 1953 566 2006 defluens
577 1953 674 2016 amnis,
688 1953 765 2006 alteri
774 1951 837 2004 huic
845 1965 934 2006 tamen
944 1955 1062 2024 propior.
1073 1953 1140 2006 Eum
1151 1954 1201 2006 sub
1211 1967 1302 2006 monte

257 2034 282 2086 S.
296 2035 450 2088 Petronellto
462 2055 494 2088 ex
506 2047 582 2087 antro
592 2035 620 2086 in
632 2033 766 2103 subjectos
777 2051 854 2104 agros
866 2051 980 2104 pronum
991 2033 1132 2088 decurrere
1143 2048 1233 2087 narrat
1241 2033 1305 2087 Clu·

257 2133 311 2166 ver.
324 2115 380 2166 ltal.
389 2128 442 2166 ant.
451 2136 478 2186 p.
488 2114 547 2182 894-
560 2112 595 2164 At
606 2132 636 2164 ex
646 2113 706 2164 lacu
714 2113 871 2166 Nemorensi
882 2111 1004 2182 prodire,
1015 2124 1040 2164 et
1051 2131 1122 2166 nunc
1132 2113 1181 2165 sub
1193 2113 1303 2166 nomina

260 2195 324 2248 Ilico
334 2196 366 2248 dc
376 2195 458 2247 Nemi
469 2196 551 2246 latere
563 2194 684 2266 Ligurius
698 2191 816 2244 tradidit.
829 2190 883 2242 Sub
897 2190 997 2262 oppido
1012 2192 1118 2246 Patrica
1129 2192 1173 2246 alii
1185 2210 1245 2246 eutn
1260 2193 1304 2244 in·

259 2277 440 2346 vestigarunt:
455 2273 527 2345 quod
538 2285 627 2324 tamen
641 2270 674 2323 ad
687 2271 778 2323 eudem
792 2270 852 2322 loca
862 2282 981 2342 spectat:
996 2270 1024 2322 in
1041 2272 1143 2336 Castro,
1154 2269 1303 2323 Messirano

258 2357 286 2406 in
300 2356 327 2410 V
326 2353 371 2406 ille
383 2356 410 2406 di
422 2353 519 2406 Plinio.
538 2351 590 2404 Alii
606 2369 677 2402 nnnc
694 2353 827 2403 exaruisse
845 2352 904 2402 eu'm
918 2349 1063 2413 affirmant;
1082 2363 1108 2404 et
1126 2353 1303 2421 interceptum

258 2453 361 2486 amnem
374 2437 428 2504 jam
443 2433 549 2485 Servius
566 2434 669 2484 notavit
688 2430 722 2483 ad
742 2430 787 2482 lib.
809 2432 870 2496 Vll,
894 2429 951 2482 150.
972 2433 1001 2482 ln
1020 2430 1073 2484 boc
1094 2431 1173 2485 lluvio
1189 2432 1300 2492 AEness,

256 2531 346 2584 pugna
356 2513 391 2564 ad
403 2531 464 2564 eum
476 2531 522 2564 seu
533 2530 593 2562 cum
604 2512 732 2577 Etruscis,
742 2527 789 2562 seu
799 2529 860 2562 cum
869 2510 972 2563 Rutulis
981 2511 1064 2576 lacta,
1076 2514 1217 2578 interiisse,
1229 2525 1301 2566 certe

257 2590 341 2641 oculis
361 2590 480 2642 sublatus
493 2608 550 2643 esse
564 2589 680 2642 creditus
697 2601 752 2642 est:
765 2590 867 2642 lactum
887 2592 912 2642 ei
932 2589 966 2642 ad
986 2593 1059 2662 ripas
1079 2591 1221 2656 sacellum,
1239 2609 1300 2644 cum

255 2668 332 2733 luco,
340 2669 413 2720 Jovir
424 2668 466 2720 vel
477 2669 565 2720 Patris
577 2668 697 2741 indiqetis
709 2670 830 2732 nomine;
843 2681 903 2734 aut,
917 2669 991 2741 quod
1005 2669 1114 2722 credere
1125 2690 1176 2742 par
1186 2683 1240 2734 est,
1253 2688 1302 2722 an·

257 2749 380 2817 tiquioris
392 2751 507 2800 numinis
524 2751 551 2800 in
562 2747 615 2800 hoc
631 2749 691 2800 loco
707 2767 722 2800 a
738 2751 833 2820 priscis
847 2751 946 2802 Latinis
959 2749 1024 2802 culti
1044 2748 1174 2803 sacraad
1191 2751 1301 2804 AEnesm

256 2825 371 2880 retulere
383 2829 511 2880 serioresz
525 2829 563 2879 uti
573 2840 613 2878 tot
626 2825 677 2880 alia
690 2829 786 2879 veteris
798 2829 867 2880 Latii
881 2829 990 2880 numina
1008 2846 1040 2880 ex
1057 2830 1110 2880 suis
1130 2829 1300 2899 opinionibus

257 2909 425 2980 interpretati
444 2921 505 2961 sunt
525 2908 645 2959 Romani.
668 2906 733 2960 lude
750 2909 866 2960 Numicii
882 2907 983 2960 nomini
1001 2906 1094 2980 religio
1110 2908 1200 2979 aliqua
1215 2910 1300 2962 inesse

196 2997 199 3006 ¹
259 2988 348 3056 coepit.
360 2987 449 3039 Utitur
458 3005 491 3039 eo
503 2999 584 3058 poeta
594 2985 735 3057 aliquoties
743 2989 852 3038 omnino
862 2987 897 3040 ad
906 2986 1100 3059 designandum
1109 2989 1212 3040 Latium
1223 3007 1229 3038 ε
1243 3006 1267 3037 v.
1276 3005 1299 3038 c.

177 3089 186 3096 ·
257 3065 316 3132 llll,
329 3066 389 3133 242.
402 3067 512 3118 Fontem
529 3065 601 3118 lluvii
615 3066 703 3118 lacum
715 3066 757 3118 vel
770 3080 894 3140 stagnum
905 3067 987 3118 fuisse
1001 3065 1111 3118 tradunt
1123 3084 1154 3119 ex
1166 3067 1224 3118 AEn.
1234 3065 1300 3130 Vll,

261 3142 319 3209 150,
331 3143 384 3196 lroec
389 3143 476 3214 fontis
484 3155 577 3216 stapris
583 3143 711 3195 Numici:
725 3143 771 3196 sed
784 3147 806 3197 si
818 3147 926 3218 gravior
937 3147 1083 3198 auctoritas
1097 3145 1150 3198 alia
1161 3144 1235 3197 nulla
1246 3157 1302 3210 est,

257 3237 366 3297 poetam
376 3238 468 3278 ornate
480 3244 530 3298 ppo
542 3226 616 3278 fonte
627 3239 720 3297 stagna
730 3227 812 3278 fontis
825 3225 921 3278 dixisse
932 3225 1056 3278 arbitrari
1069 3225 1166 3278 maliru.
1177 3225 1232 3276 Etsi
1245 3237 1301 3275 toto

257 3324 306 3357 suo
315 3303 429 3357 decursu
440 3305 562 3358 fluviolus
570 3305 682 3357 lacubus
693 3307 866 3377 interceptus,
875 3305 1006 3376 tardoque
1019 3324 1050 3357 sc
1057 3308 1139 3358 tacito
1150 3317 1223 3356 motu
1233 3305 1302 3356 simi·

261 3385 294 3436 lis
310 3398 404 3456 stagno
421 3385 502 3436 fuisse
517 3384 636 3450 videtur,
656 3403 717 3438 num
737 3384 840 3438 alveum
860 3385 955 3438 babuit
975 3384 1097 3438 ulvosum
1117 3397 1143 3435 et
1163 3382 1301 3435 limosum:

257 3464 336 3516 Ovid.
348 3464 408 3516 XIV
419 3465 483 3515 Met.
497 3463 562 3535 598,
576 3461 627 3534 599
638 3463 712 3516 Litus
723 3465 779 3516 adit
787 3465 902 3518 Laurens
913 3487 920 3516 .·
935 3465 980 3516 ubi
991 3475 1069 3516 tectus
1078 3463 1210 3515 arundine
1225 3463 1305 3534 serpit

258 3543 373 3614 Itrfreta
383 3543 524 3619 flurnineir
537 3543 624 3594 uicina
643 3543 784 3596 Numicius
802 3543 898 3596 undis.-
916 3557 943 3596 et
960 3563 984 3595 v.
1004 3543 1069 3608 601,
1084 3541 1163 3594 tacito
1179 3560 1257 3594 curru
1268 3540 1302 3594 de

258 3621 362 3674 eodum.
663 3617 667 3626 ’

295 3702 375 3755 Haud
387 3703 465 3776 longe
478 3722 494 3756 a
507 3704 623 3755 Numicii
635 3704 723 3771 fonte,
743 3722 793 3757 nec
803 3705 854 3757 nisi
864 3705 1084 3776 seprassuum
1094 3701 1247 3764 intervallo,
1256 3701 1305 3752 Ju-

260 3789 345 3830 turnoe
363 3783 414 3833 fuit
431 3781 502 3835 lacus
518 3795 544 3834 et
558 3781 652 3836 fluvius
665 3797 692 3836 et
710 3785 788 3836 fons:
803 3803 881 3856 quem
893 3803 925 3838 ex
938 3785 1034 3836 montis
1046 3783 1146 3835 Albani
1154 3779 1303 3846 radicibus,

260 3873 342 3930 utque
353 3861 524 3931 perhibetur,
537 3882 568 3916 ex
586 3863 697 3918 occultis
716 3865 790 3920 locus
806 3867 904 3921 Albani
920 3865 1065 3931 mentibus,
1082 3862 1261 3935 prodeuntem
1277 3863 1302 3912 in

260 3938 424 3993 occidentem
438 3944 517 4010 ferri,
529 3963 591 3996 mox
603 3947 631 3997 in
642 3945 730 4000 lacum
741 3947 814 4000 baud
826 3967 951 4020 magnum
964 3943 1095 4012 diffundi,
1108 3941 1171 3996 inde
1184 3943 1212 3994 in
1221 3940 1303 3993 Tibe·

258 4022 307 4073 rim
316 4019 428 4090 deferri,
439 4024 516 4095 eique
526 4025 548 4075 t
558 4026 683 4081 milliario
694 4028 728 4082 ab
740 4029 830 4096 Ostia,
842 4027 889 4084 Vll
899 4027 933 4084 sb
944 4028 1009 4084 urbe
1018 4028 1119 4095 Roma,
1130 4023 1235 4078 misceri
1245 4035 1300 4075 tra-

1450 340 1459 426 i
