2968 4696
420 407 653 477 nunrnos
677 407 831 474 stone
853 408 940 472 vrr.
1135 411 1197 497 329

165 535 379 626 Victoresque
392 551 533 600 ostentat
545 553 663 622 equos,
677 547 765 597 setus
778 531 920 596 Hercule
932 529 1071 619 pulchro

163 643 305 708 Pulcher
315 641 512 720 Aventinum
523 640 699 727 clipeoque
711 637 838 725 insigne
850 653 1038 726 paternum,

165 749 305 813 Genturn
316 767 454 834 angues,
468 747 675 832 cinctamque
687 742 770 831 gerit
782 741 992 830 serpentibus
1003 741 1163 832 Hydram,

164 853 265 916 Collis
277 851 429 918 Aventini
442 851 522 915 silve
534 872 634 938 quem
647 847 738 912 Rhea
750 846 903 914 sacerdos
915 901 920 914 .

164 957 335 1021 Furtivum
347 973 443 1044 partu
455 955 517 1020 sub
529 955 663 1019 luminis
675 951 780 1018 edidit
793 976 880 1032 ores,
1156 965 1200 1014 ooo

162 1061 264 1125 Mixto
277 1061 341 1126 deo
353 1062 485 1140 mulier,
498 1077 674 1149 postquam
687 1060 862 1124 Laurentia
874 1059 992 1139 victor,

164 1169 316 1258 Geryone
329 1168 504 1246 exstincto,
517 1165 710 1256 Tirynthius
722 1163 838 1253 adtigit
848 1189 939 1245 arva,

164 1353 218 1389 rste.
230 1358 272 1404 per
277 1360 312 1408 qr.
325 1345 410 1389 circum
419 1343 512 1405 Meneq.
523 1359 559 1405 pr.
570 1356 612 1404 per
619 1343 708 1406 affinius
716 1341 784 1387 Witt.
795 1356 847 1388 srn.
857 1357 893 1404 pr.
905 1367 936 1378 -
946 1341 1000 1390 656.
1009 1339 1105 1388 mundis
1113 1338 1202 1403 aliquot

164 1413 224 1458 Pier.
239 1412 337 1459 Hercule
344 1413 405 1477 first
413 1413 482 1460 codd.
493 1429 531 1475 sp.
544 1413 658 1466 uterium,
670 1428 698 1457 er
709 1413 909 1474 iuterpretstione.
918 1437 950 1448 --
958 1412 1011 1472 659.
1024 1413 1046 1456 iu
1054 1408 1111 1456 silue
1124 1412 1200 1472 Speos.

162 1493 186 1529 et
203 1483 267 1528 leid.
287 1497 359 1538 unus,
378 1495 401 1529 et
414 1482 574 1546 sliquotl'ier.
592 1479 809 1528 enmusitaton
825 1483 906 1528 llsmb.
922 1498 969 1530 see.
982 1481 1044 1528 llltss
1058 1479 1082 1526 h.
1099 1480 1115 1526 l.
1130 1491 1205 1526 estes

160 1545 222 1598 'Pele
231 1553 268 1600 rel
280 1549 347 1607 'Psir,
359 1571 382 1601 v.
392 1569 413 1600 c.
423 1571 461 1616 ep.
472 1553 606 1600 callimach.
614 1578 644 1588 —
651 1551 704 1598 660.
716 1554 807 1600 Fortius
814 1563 882 1617 portu
891 1553 998 1617 pictique
1010 1551 1080 1600 codd.
1091 1567 1128 1614 sp.
1138 1551 1200 1596 l’ier.

155 1619 246 1681 fitrtt'no
258 1638 317 1668 unus
327 1623 392 1669 Leid.
405 1639 418 1668 s
430 1639 460 1668 ru.
472 1639 522 1684 pr..
534 1621 598 1686 quod
608 1623 711 1668 Cetroeus
723 1622 801 1678 dedit,
816 1638 859 1670 ner
871 1624 930 1671 vidit
938 1639 963 1670 se
973 1623 1076 1670 deterius
1087 1634 1110 1668 ct
1118 1618 1202 1682 vulga·

161 1693 210 1736 rius
221 1709 264 1754 pro
277 1696 425 1757 exquisitiore
443 1693 511 1750 dsre3
529 1708 595 1749 nam,
612 1695 652 1756 qui
664 1692 754 1755 furtiuo
763 1705 831 1758 portu
843 1695 919 1741 editus
938 1707 984 1752 est,
1002 1709 1055 1741 eun
1073 1691 1202 1754 elegantius

154 1759 269 1821 fitrts'vurn
275 1775 344 1826 poete
352 1761 462 1825 appellet.
469 1763 584 1826 fisrtr'uum
595 1763 695 1808 edrilesnt
702 1771 770 1824 partu
778 1765 820 1811 suh
829 1764 843 1810 l.
853 1781 922 1812 eurus
929 1765 971 1810 Ed.
979 1765 1039 1812 Ven.
1046 1771 1125 1827 pernes
1135 1761 1200 1806 llum-

161 1828 243 1877 limiur's
254 1832 314 1879 alter
327 1834 409 1880 llsmb.
422 1847 445 1881 et
457 1835 518 1880 (iud.
528 1835 559 1880 nd
569 1832 670 1880 sublimis
680 1835 749 1880 edidit
756 1853 825 1882 qums
840 1849 894 1883 sunt
903 1839 944 1901 qui
954 1836 1031 1898 legunt
1042 1851 1078 1898 sp.
1089 1835 1149 1879 Pier.
1159 1829 1201 1876 suh

162 1899 252 1948 luminis
263 1919 314 1950 oros
324 1905 432 1952 lleinsius
442 1922 470 1952 es
483 1906 569 1953 Medic.
581 1919 605 1953 et
615 1905 667 1951 eliis
682 1911 798 1968 reposuit,
815 1911 862 1971 jsur
877 1910 954 1956 Pierio
964 1925 976 1956 e
985 1907 1054 1954 codd.
1064 1904 1201 1969 probatum

161 1971 187 2015 in
198 1973 319 2019 nonnullis
329 1973 408 2028 homst
419 1977 444 2020 in
453 1979 536 2023 ceteris
545 1988 569 2022 es
578 1978 602 2022 in
609 1975 686 2036 suigg.
695 1975 764 2022 Aldu.
774 1989 798 2026 et
804 1989 859 2025 cett.
870 1991 924 2026 ante
936 1980 1014 2024 lleius.
1026 1991 1094 2022 atem
1101 1974 1200 2036 legitur:

161 2041 226 2102 quod
236 2043 322 2090 nollens
331 2057 445 2092 rnutstnnr
455 2061 519 2101 esse,
529 2063 603 2109 quum
609 2045 683 2093 sltero
692 2047 717 2092 in
725 2047 778 2096 loro
784 2052 826 2098 Ge.
834 2051 854 2094 ll
860 2083 868 2106 ,
877 2049 906 2112 iq
916 2049 978 2096 idem
985 2061 1100 2096 serratum
1107 2049 1144 2092 sit.
1152 2045 1201 2090 Nec

161 2178 285 2240 Ceterum
298 2184 444 2238 Aventinus
455 2184 534 2258 heros
555 2187 658 2260 Virqilii
707 2193 850 2260 supererit.
863 2219 896 2232 -
909 2188 969 2258 657.
993 2188 1053 2242 658.
1074 2185 1201 2257 Trsqico·

160 2259 267 2332 iugenio
291 2263 383 2317 deberi
408 2265 527 2330 videtur,
550 2267 659 2318 Homeri
707 2287 764 2320 rum
780 2287 870 2335 ruore,
885 2269 999 2339 clipeum
1013 2265 1200 2319 detAventino

161 2341 295 2413 exemplo,
309 2347 355 2414 qui
368 2347 395 2397 in
406 2345 536 2398 similibus
546 2345 658 2398 heroum
707 2349 859 2420 insignitum
867 2348 960 2422 hydra.
971 2349 1201 2416 Centnmenqnes,

161 2417 221 2471 liliis
231 2433 256 2472 et
267 2423 409 2494 nepotibus
417 2426 656 2478 commemorandis
705 2429 871 2500 cinctumque
889 2426 1047 2499 serpentibus
1068 2423 1200 2495 hydram

160 2500 328 2554 felicissimus
351 2517 398 2554 est.
423 2504 543 2558 Herculis
568 2519 657 2559 autern
705 2509 839 2580 eleganter
855 2510 957 2560 veriet-s
974 2507 1060 2558 oratio
1080 2522 1130 2576 pro
1146 2502 1202 2554 rul-

115 2591 117 2598 '
160 2599 281 2634 accessus
300 2583 335 2636 ed
351 2583 408 2636 hec
428 2584 488 2638 loce
508 2584 583 2657 (rid.
607 2587 654 2638 inf.
703 2590 774 2660 geri:
789 2586 1202 2660 hydrumcentumcinctamser-

159 2661 236 2729 Vlll,
253 2679 305 2716 200
323 2665 384 2736 sq.)
401 2665 481 2721 facile
497 2679 583 2738 poete
602 2667 656 2718 eui-
697 2668 829 2736 pentibru.
840 2667 961 2729 Ceterum
971 2679 1057 2739 poete
1066 2665 1100 2718 de
1112 2663 1200 2735 persis

159 2757 230 2792 snum
240 2743 375 2815 impellere
383 2747 487 2817 potuit,
500 2749 561 2798 utin
570 2747 657 2798 Aven-
704 2762 730 2802 et
742 2747 865 2801 tenuibus
884 2767 980 2820 parurn
993 2745 1141 2798 loborantis
1157 2761 1200 2815 qe·

160 2821 243 2872 tinum
253 2823 397 2884 inciderem
410 2825 484 2895 cujus
497 2844 593 2878 nomen
605 2827 656 2878 Ro·
703 2847 825 2882 nerosum
833 2830 962 2882 incuriam
970 2827 1094 2880 observes
1102 2827 1129 2876 in
1138 2822 1201 2888 boc,

158 2902 244 2952 menis
262 2901 404 2956 lectoribus
421 2905 527 2974 placere
543 2905 654 2971 debuit,
704 2907 778 2978 quod
797 2907 908 2982 hydrum
932 2926 1003 2959 nunc
1025 2914 1129 2957 centnm
1140 2940 1150 2967 ‚
1172 2915 1200 2954 et

160 2996 242 3048 quum
249 2983 655 3036 monsAventinusurbisllosnte
702 2985 815 3050 lib.v1,
834 2985 885 3056 576
901 2985 1096 3058 quinquaqinta
1108 2982 1200 3052 cepiti-

157 3060 305 3130 perelecta
319 3075 394 3114 esset.
700 3064 751 3117 bus
768 3064 930 3117 burreuderu
947 3063 1074 3116 exhibuit.
1087 3061 1199 3131 Compe-

140 3167 143 3178 ·
195 3135 255 3190 655.
274 3137 399 3210 insiqnem
418 3138 652 3211 perimentium,
702 3159 759 3196 rent
777 3145 932 3197 deliciarum
951 3144 1045 3195 herum
1069 3140 1197 3205 studiosi,

159 3217 246 3288 simpl.
260 3217 377 3291 intelligo
396 3216 525 3284 teuniter,
547 3219 654 3285 dissei·
701 3237 797 3294 praeter
814 3224 907 3276 Silium
925 3225 962 3286 ll,
983 3222 1047 3286 158,
1067 3220 1128 3290 159;
1145 3221 1199 3272 Eu·

160 3317 203 3365 pr,
213 3296 366 3368 quadriges,
375 3298 508 3371 inibique,
519 3317 577 3369 quse
587 3319 653 3370 prer-
701 3303 750 3372 rip.
767 3301 893 3356 Pboeniss.
915 3303 979 3369 trit
999 3319 1057 3372 sqq.
1070 3301 1198 3368 Quintum

160 3377 242 3428 mium
266 3395 357 3430 cursus
374 3378 554 3432 obtinuerant.
573 3380 653 3432 Lauri
701 3379 993 3452 cal.v111,3t9‚350.

160 3455 201 3507 uel
209 3455 426 3530 palmaeinsiqne,
434 3460 523 3510 currui
531 3459 652 3523 inlisum,
736 3459 788 3530 659
796 3489 829 3502 -
839 3461 899 3514 663.
913 3459 1014 3512 Bellum
1025 3471 1110 3530 poete
1124 3477 1196 3510 com-

159 3537 653 3592 recentiorismorisnesitvereor.Her
700 3553 820 3592 mentum
845 3559 861 3592 e
882 3539 961 3592 Rheae
989 3538 1088 3604 silvie,
1117 3556 1197 3608 quern

158 3615 218 3668 cnle
232 3615 346 3687 pulchro
365 3617 482 3670 Pulcher
496 3618 650 3672 Aventinus.
700 3619 773 3674 Mors
797 3621 970 3690 compressit,
990 3617 1111 3689 exemplo
1132 3617 1198 3670 duo·

158 3693 458 3764 Noli,necdellerculis,
468 3718 517 3752 nec
527 3699 652 3754 dedven·
700 3710 756 3750 tum
768 3721 774 3748 r
786 3698 926 3752 Herculem
945 3700 1010 3751 sctis
1027 3718 1076 3770 per
1093 3697 1197 3752 ltaliam

157 3775 205 3826 tini
223 3775 422 3847 pulchritudine
443 3796 503 3830 cum
521 3779 608 3833 Cerdo
626 3791 652 3833 et
700 3777 828 3850 Geryonis
843 3780 968 3832 armentis
984 3797 1044 3830 curn
1062 3777 1136 3830 llhea
1154 3796 1197 3830 se·

157 3853 216 3908 aliis
227 3852 357 3906 dubitare.
367 3856 432 3908 Rem
442 3858 506 3908 setis
515 3857 652 3910 declarent
701 3857 809 3910 cerdote
828 3860 1009 3924 consuevisse,
1020 3858 1099 3918 ‚unde
1117 3870 1195 3911 nutus

156 3934 231 4004 sique
242 3945 345 3996 retere;
360 3933 408 3986 sed
426 3935 596 4008 cogitandum
612 3951 652 3990 est
700 3940 734 3990 sit
743 3937 889 3992 Aventinus
896 3939 983 3992 heros.
992 3939 1075 3992 mista
1081 3977 1090 4006 ,
1096 3939 1196 4006 paysius

156 4010 190 4064 de
202 4011 401 4083 pulchritudine
420 4013 524 4081 herois,
545 4019 590 4086 qui
608 4035 651 4068 ro·
700 4019 759 4086 θιᾷ.
785 4021 929 4074 laurentia
949 4039 1028 4086 arva,
1048 4034 1078 4072 ut
1098 4034 1194 4093 poete,

155 4089 221 4144 bore
253 4093 374 4166 corporis
403 4111 494 4148 omnes
525 4095 650 4152 monetes
698 4097 777 4152 letius
786 4099 864 4166 dixit3
878 4119 938 4154 nem
949 4099 1023 4179 opud
1033 4099 1194 4176 Evandrum,
