3022 4682
459 394 692 459 AENEIDOS
717 395 869 458 LIBER
892 397 953 458 vt.

190 522 312 586 inclusi
324 541 455 608 poenam
468 535 665 608 exspectant.
679 519 727 582 Ne
741 541 850 607 quaere
863 517 988 593 doceri,

189 629 295 708 Quam
308 650 454 716 poenatn;
467 642 524 690 aut
536 647 609 714 quae
622 626 726 688 forma
740 626 825 688 viros
839 626 1010 687 fortunave
1022 623 1144 686 mersit.
1181 634 1226 680 615

189 735 308 798 Saxum
321 735 435 820 ingens
447 733 585 797 volvunt
595 732 664 809 alii,
678 730 818 796 radiisvc
830 747 976 794 rotarum

1167 395 1225 480 169

222 929 275 984 διά.
289 929 396 989 Suspensi
401 943 461 990 pseu.
472 944 492 972 e.
505 925 583 974 Sehoi.
591 928 666 980 Statii,
674 927 683 970 1
692 925 766 972 Theb.
776 925 829 982 431.
841 925 887 972 Sed
900 928 923 971 in
937 937 985 971 toto
996 923 1049 970 loco
1060 925 1167 968 Tartarus
1179 939 1230 966 t'at'·

191 999 251 1043 ceris
267 998 385 1042 notionem
400 996 470 1042 habet
485 998 627 1058 adjunctam.
644 996 775 1056 expendunt
788 997 832 1040 Vir
843 995 925 1040 doctus
942 998 966 1040 in
980 993 1077 1040 Misceii.
1090 991 1155 1036 Obss.
1169 989 1231 1052 apud

191 1070 269 1113 Burm.
288 1067 333 1112 Sed
345 1081 407 1113 rcctc
425 1067 462 1113 iric
475 1069 580 1128 stubjicit,
597 1075 727 1129 exspectare
739 1067 798 1112 hauc
810 1069 856 1111 vim
868 1065 968 1122 habere,
988 1079 1012 1111 ut
1027 1080 1066 1110 eos
1078 1077 1156 1124 pronas
1168 1073 1231 1106 certo

192 1139 286 1184 daturos
294 1153 341 1184 esse
354 1150 450 1183 constet.
463 1139 556 1184 Sciiiccr
565 1147 694 1200 exspectare
703 1137 727 1182 Ιι.
738 1136 754 1181 i.
766 1150 799 1183 est
809 1149 925 1192 metuere,
936 1142 959 1183 et
968 1135 1068 1195 uulgaris
1077 1133 1151 1176 oratio
1160 1143 1231 1176 esset:

192 1211 220 1253 iit
231 1207 270 1253 hic
282 1207 408 1270 aliquando
419 1206 514 1254 inclusit
526 1224 592 1269 poena
603 1207 756 1269 exspectanda
767 1219 808 1253 est.
821 1210 858 1252 do.
867 1207 1008 1252 Schraderur
1018 1207 1042 1248 ιιι
1054 1201 1145 1248 schedis
1156 1199 1232 1244 locun

192 1279 320 1324 scabiosum
334 1293 382 1325 esec
397 1291 459 1324 ratus
476 1281 537 1325 varie
554 1280 673 1325 tentabat:
685 1281 746 1324 inter
759 1290 850 1324 cetero:
866 1278 994 1340 expendunt
1005 1303 1035 1312 -
1050 1276 1170 1318 Poenoruru
1183 1283 1233 1332 pum

186 1349 265 1410 formo
274 1365 323 1394 roos
328 1349 452 1411 furtumve
468 1359 554 1395 merset.
567 1365 607 1394 ncc
620 1349 718 1395 Dorviii
730 1375 761 1386 -
772 1349 825 1395 615.
843 1357 923 1394 merset
938 1350 986 1394 duo
997 1348 1089 1400 licius,
1108 1359 1155 1387 uon
1165 1339 1232 1386 rusie.

193 1428 278 1484 mcryat
287 1421 463 1466 trane-616.
477 1421 572 1466 mdr'i'sve
582 1423 684 1482 reposuit
694 1435 737 1480 pro
749 1419 837 1481 vulgari
849 1435 900 1484 que.
915 1421 959 1464 Etsi
970 1421 1031 1464 euim
1041 1416 1124 1478 possim
1136 1423 1234 1456 conten·

194 1488 249 1534 dere
259 1492 319 1535 viror
329 1491 410 1536 doctos
422 1493 532 1547 memini,
543 1507 587 1556 quc
597 1493 665 1538 ctiam
680 1493 712 1536 sic
728 1493 797 1553 poni,
816 1493 892 1537 verior
904 1503 981 1535 umen
994 1501 1027 1534 est
1044 1485 1114 1532 altera
1126 1484 1198 1536 ratio,
1211 1492 1234 1526 et

193 1557 271 1621 lapsus
287 1575 365 1606 causta
378 1563 402 1606 iu
414 1574 516 1623 promtu.

193 1727 260 1778 tate,
281 1735 334 1786 qua
354 1719 438 1769 nostri
459 1719 579 1774 homiues
598 1724 690 1772 utiso-

191 1793 247 1845 ient
263 1797 290 1846 in
311 1799 441 1868 agricolas
459 1813 485 1850 et
503 1819 631 1872 paganos.
653 1819 690 1852 re·

190 1876 287 1944 pertis,
298 1895 347 1947 pro
356 1881 452 1946 partis,
465 1883 574 1949 paratis,
588 1883 688 1951 accipe;

192 1974 242 2006 nec
265 1957 331 2021 tuis,
358 1961 477 2028 cognatis
499 1972 524 2011 et
549 1961 690 2024 affinibus,

191 2053 299 2105 potuere
309 2047 429 2106 partem,
442 2057 473 2090 ex
484 2040 577 2100 ι’θιισι,
593 2053 691 2092 statue-

194 2128 272 2179 runt,
285 2117 450 2182 tribuerunt,
470 2121 520 2170 nisi
539 2123 622 2171 mavis
635 2139 691 2172 esse

131 2251 135 2261 Ι
193 2212 258 2264 pro,
268 2213 405 2264 seponere.
414 2196 456 2247 Ad
464 2201 621 2249 senteutiam
628 2217 693 2269 prae·

194 2273 281 2324 claros
299 2277 400 2326 Horatii
419 2295 510 2329 versus
528 2277 620 2329 laudnt
636 2281 693 2330 Ser-

193 2355 252 2404 vius
262 2355 284 2403 tl
297 2357 414 2406 Scrmon.
427 2375 457 2420 a,
473 2358 533 2419 to3;
545 2357 614 2410 adde
626 2377 693 2410 cun·

194 2433 255 2484 dem
269 2435 279 2483 l
294 2434 376 2486 Scrm.
390 2438 415 2500 1,
429 2437 461 2506 75
480 2454 539 2508 sqq.
553 2439 585 2504 84
603 2457 643 2508 sq.
661 2438 694 2488 Et

195 2514 364 2565 commendat
386 2529 470 2586 poetae
487 2518 618 2586 judicium
637 2517 693 2568 huc

194 2593 223 2643 in
235 2595 288 2644 vita
301 2593 436 2646 hominum
450 2597 618 2662 observatio,
637 2615 693 2648 esse

194 2672 350 2743 pierumque
363 2693 422 2739 eos,
442 2679 488 2747 qui
501 2691 609 2748 repente
620 2697 693 2748 mag·

193 2769 241 2804 nas
250 2753 354 2805 divitias
362 2760 520 2827 consequuti
528 2771 602 2822 sunt,
612 2757 693 2809 duros

195 2844 221 2883 et
232 2851 326 2884 auarus
338 2837 364 2885 in
381 2854 459 2900 suos,
472 2837 499 2888 h.
512 2858 534 2890 c.
553 2857 615 2909 erga
629 2857 693 2908 cog·

194 2925 272 2963 natos
285 2928 399 2984 egentes.
413 2917 443 2966 ob
455 2915 615 2968 adulterium
638 2917 695 2968 coesi

195 2993 301 3061 gravius
313 2997 402 3063 posuit
421 3013 470 3062 pro
490 2996 617 3047 adulteris
630 2999 694 3046 siin-

195 3069 309 3139 piiciter.
324 3073 361 3122 Dc
374 3075 441 3142 Lege
451 3074 522 3124 Juiio
534 3073 615 3140 (unni
627 3075 694 3143 737)

197 3153 314 3222 cogitare
327 3153 445 3204 nondum
458 3157 546 3224 potuit
558 3157 692 3225 Virgilius.

198 3231 285 3281 Potuit
300 3244 388 3282 tomen
399 3235 452 3300 jam
466 3247 535 3297 turn,
548 3253 607 3284 cum
625 3236 695 3284 vive·

196 3309 260 3374 bat,
285 3331 325 3363 res
351 3313 468 3363 consiliis
494 3315 596 3382 agitari.
622 3331 695 3362 armo

198 3390 298 3460 impia,
310 3392 383 3443 haud
395 3393 476 3444 dubie
488 3392 619 3444 bellorum
632 3394 696 3444 civi·

198 3469 275 3531 iium;
290 3471 322 3522 de
335 3473 366 3522 iis
377 3471 579 3542 accipiendum,
593 3474 638 3542 qui
651 3489 697 3542 pa·

199 3551 254 3599 triac
284 3551 383 3602 beilum
413 3556 547 3618 inferunt,
572 3571 625 3604 non
650 3554 695 3621 qui

197 3629 365 3700 propulsant.
376 3631 526 3684 Concidunt
536 3633 626 3702 itaque
635 3633 695 3684 Ser·-

196 3711 232 3759 vii
245 3709 411 3779 aliorumque
427 3724 529 3776 metus,
548 3731 580 3763 ne
595 3713 621 3762 ιιι
640 3712 694 3762 Au·

197 3801 302 3859 gustum
323 3801 416 3858 pcccct
438 3803 524 3858 poeta.
549 3807 595 3842 uec
619 3790 694 3840 ueriti

197 3868 363 3918 dominorum
371 3866 471 3937 fallere
484 3870 593 3920 dextras.
606 3871 694 3940 Argu-

196 3959 287 3998 tuutur
314 3949 431 4018 Interpp.
460 3960 486 4000 ct
520 3948 579 4012 hic,
611 3947 694 4000 Servii

196 4025 326 4095 exemplo.
345 4027 456 4078 Domini
473 4046 527 4079 ιιοιι
547 4026 626 4078 modo
639 4047 694 4080 scr-

195 4120 375 4171 timorosum,
389 4106 436 4160 scd
448 4121 474 4160 ct
488 4108 521 4160 de
538 4108 693 4162 libertorum

739 1723 859 1792 patronis
882 1722 951 1772 berre
974 1717 1045 1770 idem
1065 1713 1129 1764 dixit
1146 1721 1233 1780 poeta.

739 1806 879 1856 Servorum
898 1815 985 1854 autem
1003 1813 1094 1868 poenas
1108 1793 1151 1844 hic
1165 1809 1237 1840 com·

740 1901 904 1947 memorare,
917 1880 1055 1951 indignum
1068 1887 1136 1928 esset
1152 1883 1236 1942 poetar

741 1965 809 2034 epici
819 1963 965 2034 gravitate,
984 1957 1067 2010 multo
1087 1954 1169 2023 magis
1188 1952 1238 2000 tto-

742 2044 821 2093 mani.
834 2044 901 2092 Tum
919 2040 965 2110 qui
982 2037 1060 2089 iidem
1079 2033 1160 2094 saliit,
1178 2033 1199 2082 is
1213 2041 1239 2078 ct

741 2139 815 2171 suam
837 2134 863 2172 et
880 2119 989 2170 alterius
1009 2117 1125 2166 dextram
1146 2110 1237 2162 iaiierc

743 2199 796 2250 dici
815 2211 910 2268 potest.
929 2199 1020 2265 ltaque
1034 2192 1182 2244 necessario
1196 2205 1239 2274 uc-

743 2277 894 2346 eipiendum
918 2274 950 2326 de
974 2273 1129 2326 libertorum
1151 2269 1241 2334 impte-

744 2369 797 2410 tate
816 2370 842 2408 et
861 2355 954 2408 fraude
973 2356 1000 2406 in
1021 2364 1149 2423 patronos
1169 2362 1240 2396 suos·

743 2437 784 2486 dn
798 2437 950 2506 Pompeium
963 2435 1084 2493 Menam,
1101 2429 1148 2478 Cn.
1161 2428 1240 2475 Pom-

743 2518 797 2588 peii
809 2517 949 2579 libertum,
963 2515 1009 2588 qui
1025 2511 1130 2564 Sextum
1147 2505 1240 2578 prodi-

744 2599 798 2660 dit,
823 2597 912 2648 animo
938 2592 1115 2666 designaverit
1145 2600 1241 2659 poeta,

744 2678 876 2729 affirmare
897 2676 954 2746 quis
974 2675 1060 2726 ausit?
1078 2672 1133 2722 Nec
1153 2682 1241 2719 tamen

744 2761 825 2810 sicin
843 2759 990 2828 Augustum
1002 2763 1155 2826 peccasset,
1179 2767 1242 2798 nam

744 2851 769 2890 et
783 2841 820 2902 is,
833 2850 862 2888 ut
875 2839 956 2888 ceteri
965 2835 1101 2896 homines,
1115 2828 1243 2901 proditio-

744 2921 784 2968 nis
797 2920 913 2968 fructum
927 2915 1064 2985 ampiecti,
1075 2909 1242 2981 proditorem

746 2997 904 3058 abhorrere,
917 2995 1018 3045 debuit.
1307 3059 1311 3068 ἴ

779 3076 839 3141 614.
853 3077 913 3127 615.
925 3073 1020 3125 Oroati
1030 3086 1120 3122 versus
1129 3085 1178 3136 pro
1188 3064 1243 3115 vul-

743 3157 815 3226 gari:
836 3155 864 3204 hi
884 3153 979 3204 inclusi
991 3151 1070 3202 variis
1087 3145 1172 3198 modis
1192 3161 1242 3214 pu-

745 3237 861 3285 niuntur.
876 3234 937 3284 noti
948 3249 1081 3303 quarere,
1098 3245 1177 3299 quom
1189 3242 1243 3294 poe·

746 3331 808 3363 nam
827 3312 1019 3382 expectandam
1042 3309 1173 3366 habeaut3
1198 3316 1243 3356 aut

746 3408 804 3460 quer
833 3409 917 3461 poena:
943 3392 1052 3461 forma,
1080 3388 1242 3458 fortunave,

747 3469 820 3540 quod
837 3473 947 3522 miseriae
966 3489 1065 3542 genus,
1079 3468 1145 3517 viros
1158 3464 1246 3516 mersit

745 3550 792 3620 (v.
813 3570 871 3622 sup.
895 3569 918 3600 r.
943 3550 1028 3618 512),
1050 3549 1109 3598 iilos
1131 3547 1243 3616 excipit,

746 3645 843 3684 manet.
866 3631 981 3682 Doctum
999 3629 1052 3680 hoe
1073 3645 1104 3679 ex
1125 3627 1242 3700 vulgari:

744 3712 827 3783 merqi
839 3711 956 3762 miseriis.

778 3793 839 3844 616.
864 3794 977 3854 lterum,
1001 3803 1128 3860 tanquam
1147 3802 1242 3858 poeta,

746 3873 779 3924 od
792 3885 894 3924 veteres
907 3871 1011 3943 mythos
1024 3871 1099 3922 redit.
1120 3871 1180 3919 Nou
1199 3888 1245 3920 ne·

746 3970 818 4003 cesse
832 3965 887 4014 est,
909 3963 937 4002 ut
956 3951 1041 4002 solum
1060 3947 1199 4022 Sisyphum
1218 3961 1245 3996 ct

743 4033 860 4082 irionem
872 4031 1031 4100 r·espexcrit;
1045 4031 1160 4082 Ιιιιοιιοιιι
1174 4046 1243 4098 quu-

745 4129 796 4182 que
825 4114 880 4180 jum
904 4129 928 4162 ι’.
953 4112 1000 4164 (ior
1035 4119 1242 4166 memoratorum
