3028 4682
271 375 336 440 250
611 371 881 436 EXCURSUS
904 373 972 436 XV

264 505 342 566 porta
355 495 467 546 eburnea
482 511 538 546 esse
549 493 686 556 emissum;
703 511 757 564 quo
774 496 925 546 necessario
937 497 966 546 in
982 514 1040 546 eam
1056 498 1212 550 sententiam
1225 495 1316 549 adda-

270 593 330 624 cere
345 573 424 625 debet
437 573 581 638 lectorem,
594 591 673 643 quam
688 575 772 642 janam
791 572 882 625 Servio
895 577 1042 644 expositam
1053 575 1144 628 videas
1155 600 1161 628 :
1173 574 1239 628 velle
1253 593 1317 626 eum

271 648 403 722 iutelliyi,
417 649 490 721 falsa
505 668 556 724 esse
574 651 664 703 omnia
684 668 743 722 quae
760 652 836 704 dixit.
857 653 949 722 Neque
964 653 1041 706 aliter
1057 657 1191 726 accepisse
1210 655 1318 707 ridetur

267 733 419 795 Ausonius,
434 744 562 802 quantum
576 749 608 784 ex
626 733 775 784 imitatione
797 732 916 804 intelligo
937 734 1030 803 cupit.
1044 736 1117 785 cruci
1133 735 1182 805 aff
1199 753 1234 805 99
1253 752 1315 805 sqq.

268 809 366 876 Quasi
382 825 467 882 poetae
487 830 559 864 mens
575 811 643 877 fuit,
655 811 722 863 nibil
738 830 856 883 unquam
872 831 886 864 a
902 815 1029 884 quopiam
1042 829 1123 884 poeta
1135 817 1218 887 magis
1237 816 1317 866 sinis-

267 901 337 939 tram
350 893 502 959 profertum
521 909 577 944 esse
592 892 726 954 arbitror,
741 911 801 942 cum
815 893 900 944 omnis
913 911 944 943 ex
959 895 1176 964 prestantissima
1191 892 1313 964 episodio

267 983 396 1040 percepta
405 971 527 1042 voluptas
539 965 591 1023 lr‘oc
600 991 653 1023 uno
666 991 744 1025 versu
753 974 900 1043 perimatur
909 985 935 1025 et
944 973 1089 1046 juguletur.
1103 976 1159 1026 Nec
1169 977 1316 1044 quicquam

269 1051 413 1121 excogitari
427 1065 532 1123 poterat
547 1052 696 1106 absurdius.
708 1054 842 1120 Quorsum
855 1055 924 1105 enim
936 1055 1069 1124 pertinere
1082 1069 1183 1126 potest,
1194 1073 1242 1105 nos
1254 1071 1315 1104 mo-

268 1131 343 1194 neri,
367 1130 439 1196 baec,
462 1151 521 1204 quse
543 1133 631 1186 adhuc
652 1146 707 1184 tarn
728 1135 833 1206 egregie
859 1135 965 1186 fuerant
983 1137 1118 1206 exposita,
1139 1133 1315 1205 popularibus

270 1210 442 1278 opinionibus
460 1213 495 1264 ael
513 1211 715 1284 philosophicas
737 1215 853 1264 rationes
877 1216 1072 1284 attemperatis,
1094 1216 1184 1266 onmia
1203 1232 1235 1265 ee
1257 1229 1318 1264 esse

270 1289 361 1339 inania
375 1293 497 1354 somnia,
513 1293 608 1360 quibus
621 1293 728 1343 lectoris
739 1291 839 1343 hiantis
852 1293 941 1344 animo
953 1290 1065 1346 illudere
1078 1293 1211 1344 soluerit?

304 1367 360 1419 Nec
372 1381 459 1421 tamen
472 1369 581 1423 defuere
595 1375 650 1442 qui,
660 1389 741 1442 qnam
752 1373 893 1423 consilinm
903 1370 955 1422 hoc
963 1383 1048 1442 poete
1055 1372 1221 1443 propositam
1231 1371 1329 1421 luisse·

269 1459 410 1515 putarent,
424 1467 482 1500 eum
497 1464 550 1502 nou
560 1442 646 1500 'modo
660 1449 835 1502 defenderent
852 1462 878 1502 et
898 1452 1151 1521 interpretarentur,
1167 1451 1236 1501 inter
1248 1464 1316 1519 quos

269 1541 348 1574 nemo
360 1526 523 1596 ingeniosior
532 1527 633 1578 durato
644 1530 671 1578 in
685 1527 766 1599 elegis
779 1527 813 1578 ad
824 1527 974 1591 Guellium,
985 1547 1076 1581 serum
1094 1528 1162 1580 adeo
1174 1526 1318 1579 laudarent

268 1613 295 1652 et
307 1607 410 1675 egregie
423 1606 658 1673 commendarent,
673 1609 773 1677 quippe
788 1609 835 1677 qui
846 1619 899 1658 tam
909 1609 1071 1678 perspicacis
1084 1609 1165 1659 animi
1176 1605 1272 1670 fuerit,
1284 1617 1316 1655 ut

269 1681 362 1734 Manes
375 1697 401 1737 et
412 1686 512 1738 Orcum
530 1687 634 1740 fabulas
654 1705 711 1742 esse
723 1685 834 1740 rideret.
850 1689 903 1739 Alii
915 1689 1049 1762 vulgarem
1068 1689 1103 1742 de
1123 1701 1208 1759 poete
1226 1686 1316 1737 studio

271 1761 448 1834 pbilosopbiae
461 1767 597 1838 Epicureae
609 1770 764 1840 opinionem
778 1770 805 1820 in
817 1781 906 1839 partes
918 1783 1064 1835 vocarunt,
1078 1782 1108 1821 nt
1122 1781 1185 1840 post
1199 1767 1266 1820 alios
1275 1769 1317 1818 vir

270 1839 371 1911 alioqui
383 1848 583 1917 sagas-issimus,
595 1850 715 1899 ,lominus
729 1847 798 1900 Dias.
811 1850 864 1909 Vl,
879 1866 906 1919 p.
924 1849 976 1902 305
989 1867 1048 1921 sqq.
1061 1849 1131 1900 Nolo
1148 1850 1175 1898 in
1192 1845 1317 1900 refellen-

271 1919 311 1972 dis
325 1923 382 1974 aliis
395 1927 478 1977 otium
496 1946 668 1991 consumerem
683 1929 730 1981 sed
743 1941 799 1980 tota
814 1931 865 1981 iata
880 1931 973 2000 opinio
986 1931 1226 1982 Grammaticorum
1242 1945 1317 1979 com·

271 2015 388 2054 mentum
402 2019 441 2057 est
456 2009 548 2075 inane,
564 2023 590 2062 et
604 2009 781 2062 fundamento
800 2009 899 2065 idoneo
916 2010 1078 2062 destituitur.
1091 2009 1145 2062 sid.
1160 2011 1315 2081 Argument.

269 2079 325 2131 Ecl.
340 2083 382 2132 Vl.
399 2083 425 2136 Si
440 2099 533 2157 poeta,
548 2089 595 2140 Ge.
610 2089 651 2154 ll,
664 2089 717 2158 490
728 2105 768 2159 sq.
781 2105 872 2141 versus
886 2106 918 2142 ex
928 2090 1051 2142 Lucretio
1064 2088 1246 2153 adumbravit,
1260 2103 1317 2137 non

269 2173 413 2232 propterea
434 2170 542 2239 Epicuri
560 2182 637 2222 sectae
658 2171 809 2240 adscriptus
827 2169 920 2222 haberi
940 2183 1038 2241 potest.
1061 2168 1205 2221 Exordium
1226 2179 1316 2220 autem

270 2243 337 2296 Ciris
346 2263 370 2294 s.
384 2248 400 2299 3
415 2249 516 2302 nullam
526 2249 607 2303 habet
620 2251 754 2322 probandi
763 2253 817 2302 vim
829 2263 856 2303 et
868 2244 1061 2304 anctoritatem.

304 2327 520 2398 Warbnrtonus,
533 2333 574 2383 vir
586 2333 829 2404 ingeniosissimus,
849 2335 876 2383 in
892 2333 961 2384 Dies.
974 2349 1056 2403 supra
1070 2329 1179 2382 laudata
1191 2347 1222 2382 ex
1233 2328 1319 2402 hypo-

268 2408 338 2460 thesi
349 2425 398 2462 sua
410 2411 443 2463 de
456 2414 587 2484 mysteriis
597 2413 738 2464 Eleusiniis
751 2431 765 2462 a
776 2425 856 2481 poeta
868 2413 1008 2483 expressis,
1021 2431 1077 2464 rem
1089 2429 1143 2462 non
1155 2410 1224 2462 male
1236 2429 1318 2481 expe-

269 2487 327 2539 dire
340 2489 425 2542 videri
438 2503 553 2560 poterat,
566 2509 648 2561 quum
660 2493 788 2554 initiatos,
802 2505 862 2561 post
875 2494 926 2542 ista
940 2509 1028 2544 rerum
1040 2491 1185 2544 inferarum
1199 2489 1317 2562 mythice

268 2568 438 2636 spectacula,
463 2582 542 2640 ports
565 2573 674 2622 emissos
698 2589 756 2622 esse
777 2584 942 2622 asseveraret
962 2571 1066 2624 affabre
1084 2571 1173 2623 efficta
1192 2569 1315 2640 adeoque

268 2647 385 2706 eburna,-
398 2647 444 2698 sed
457 2649 529 2700 unde
543 2649 613 2700 istud
630 2651 739 2720 probari
753 2652 855 2721 possit,
869 2669 978 2703 monere
992 2653 1100 2723 insuper
1112 2649 1214 2703 lrabait.

303 2723 394 2775 Multis
407 2725 520 2778 aliorum
533 2741 671 2779 auctorum
685 2729 751 2780 locis
763 2729 804 2780 lire
814 2729 912 2782 eedem
926 2729 1015 2782 Somni
1028 2743 1111 2801 portae
1121 2741 1316 2788 memorantum

269 2805 369 2874 qnippe
382 2821 440 2876 quae
454 2807 480 2856 in
498 2807 634 2876 proverbii
651 2807 758 2858 tandem
779 2809 893 2860 formam
906 2809 1047 2873 abierant,
1060 2821 1194 2880 praeunte
1206 2806 1317 2860 Platone

267 2887 295 2933 in
306 2883 448 2937 Charmide
460 2905 520 2958 paq.
536 2887 588 2958 475
600 2888 633 2948 E3
647 2905 696 2939 nec
716 2901 803 2940 tamen
817 2891 844 2940 in
856 2890 888 2940 iis
900 2890 966 2942 locis
987 2891 1129 2960 quicquam
1148 2886 1317 2940 animadver-

267 2980 325 3017 tere
338 2968 429 3036 potui,
448 2967 520 3038 qnod
538 2967 572 3020 ad
592 2981 700 3038 poetam
717 2967 903 3021 illustrandum
923 2969 990 3021 lucis
1007 2969 1107 3041 aliquid
1126 2969 1243 3021 efferret.
1259 2967 1315 3018 sid.

268 3057 395 3117 congesta
408 3047 442 3100 tul
462 3051 580 3119 Propert.
593 3051 638 3114 IV,
651 3067 683 3119 7,
697 3049 749 3120 87,
762 3049 808 3102 ubi
825 3049 879 3122 pioe
894 3059 979 3123 por'toe
987 3089 995 3115 ‚
1012 3049 1039 3101 lr.
1054 3069 1076 3102 e.
1091 3067 1143 3122 qua
1155 3049 1203 3120 pia
1214 3046 1318 3100 somnia

267 3131 391 3196 veniunt,
405 3129 484 3180 nulla
497 3129 554 3180 alise
568 3141 630 3180 sunt
646 3147 725 3200 qnam
738 3149 850 3183 carneae.
862 3131 996 3182 Ausonius
1011 3132 1038 3181 in
1050 3129 1147 3202 (lapid.
1159 3129 1252 3181 crucif.
1266 3125 1316 3179 sab

267 3207 304 3272 ἰ,
317 3207 378 3260 loco
393 3211 449 3278 jam
468 3209 595 3276 laudato,
612 3222 638 3261 et
657 3211 684 3260 in
704 3209 844 3280 Ephemer.
867 3209 916 3262 sub
931 3210 951 3260 f.
966 3209 1100 3281 volgatam
1118 3207 1319 3278 interpretatio·

267 3307 327 3338 nem
341 3301 448 3340 secutus
462 3289 546 3341 uideri
563 3301 660 3360 potest.
674 3291 731 3342 Nec
749 3289 849 3342 Statius
860 3289 1010 3362 'quicquam
1020 3291 1096 3358 juvat
1108 3287 1153 3340 lib.
1167 3289 1191 3338 V
1202 3286 1264 3338 silv.
1282 3285 1316 3349 3,

269 3369 337 3437 289,
353 3367 416 3434 ubi,
432 3383 460 3420 nt
475 3369 575 3422 Umbra
595 3371 680 3440 patris
702 3387 734 3420 ex
755 3371 846 3422 inieris
864 3369 971 3434 redeat,
988 3381 1129 3440 precatur:
1144 3366 1211 3418 Inde
1228 3376 1319 3416 manen

268 3448 371 3514 venius,
383 3447 480 3500 melior
493 3455 546 3522 qun
560 3461 637 3522 porta
652 3448 801 3522 maliqnum
816 3449 907 3502 Vincit
919 3449 1001 3513 ebur,
1013 3447 1150 3518 somnique
1162 3445 1189 3496 in
1201 3443 1318 3515 imagine

268 3539 398 3594 erronum,
420 3531 485 3600 Quoe
503 3528 601 3582 selitru.
622 3529 728 3582 Colutb.
745 3531 793 3582 311
814 3531 872 3580 Nox
885 3524 993 3582 -indr
1009 3520 1038 3577 tl
1049 3523 1128 3582 riser
1140 3525 1204 3591 δέξιν
1218 3523 1318 3590 inim,

265 3606 308 3658 Tiu
317 3605 358 3670 uis
372 3609 499 3670 maerin,
512 3605 593 3676 seprius
609 3609 636 3658 δ’
648 3606 804 3673 desudamus
816 3604 894 3672 κόσμῳ
904 3627 910 3638 ·
920 3597 1002 3657 'Erite
1016 3603 1193 3673 ιἰιιθρόσιουσι
1210 3600 1272 3652 &adr
1281 3619 1323 3652 ss·

265 3686 356 3752 μθμὸκ
369 3685 453 3752 inqui.
466 3686 510 3741 'sis
520 3688 545 3738 Γ
562 3689 721 3752 iniquarum,
734 3685 812 3738 seretis
822 3683 961 3754 ipimus»
973 3683 1070 3750 s'ssifes.
1084 3701 1142 3755 quae
1152 3699 1182 3734 ex
1195 3681 1320 3732 {tomeri-

268 3767 305 3815 ‹ns
323 3784 447 3837 expressa
468 3781 537 3820 snat.
557 3769 592 3819 At
606 3771 663 3840 ipse
683 3769 813 3818 Homerus
832 3765 886 3816 allo
905 3765 965 3816 loco
985 3765 1067 3814 etiarn
1087 3763 1242 3814 obscurasse
1259 3775 1318 3809 rem

268 3841 354 3894 videri
368 3858 474 3914 potest,
485 3848 532 3900 ubi
547 3847 642 3919 Odyss.
657 3846 682 3896 θ’
693 3847 744 3916 809
757 3844 889 3916 Penelope
902 3842 1016 3895 domim
1025 3853 1149 3895 narratur
1157 3843 1184 3891 in
1196 3837 1319 3890 &muia-

268 3941 327 3972 rum
337 3925 439 3994 portis.-
453 3923 495 3979 iii
502 3923 702 3992 udicare'mur’
713 3927 734 3978 is
746 3921 962 3995 imminuimus.
973 3923 1054 3976 Forte
1065 3921 1161 3974 italroc
1171 3916 1297 3989 expedias
1308 3941 1317 3972 ι

265 4013 342 4072 porta
354 4005 522 4058 Somniorum
534 4006 606 4059 dicta
618 4027 668 4079 pro
680 4006 777 4072 domo,
791 4005 870 4072 sede,
883 4007 1067 4065 Somniorum
1082 4001 1109 4053 in
1119 4019 1173 4072 qaus
1185 3999 1244 4070 quis
1257 4013 1317 4046 uer·

268 4085 320 4136 suri
332 4084 385 4138 dici
395 4099 500 4158 potest,
514 4090 560 4158 qui
572 4091 694 4140 somniat.
711 4089 833 4138 Dormire
846 4087 927 4157 igitar
937 4085 983 4137 illa
999 4086 1027 4135 in
1043 4081 1130 4134 medis
1147 4079 1317 4130 Somniorum

270 4167 350 4220 domo
361 4166 449 4235 dicta,
462 4180 491 4220 ut
506 4186 555 4219 nos
569 4169 683 4238 aliquem
696 4170 723 4220 in
736 4169 826 4220 Somni
837 4169 938 4239 regiam
947 4167 1088 4237 abreptum
1098 4163 1255 4215 diceremus.
