<?xml version="1.0" encoding="UTF-8"?>
<!DOCTYPE html PUBLIC "-//W3C//DTD XHTML 1.0 Transitional//EN"
    "http://www.w3.org/TR/xhtml1/DTD/xhtml1-transitional.dtd">
<html xmlns="http://www.w3.org/1999/xhtml" xml:lang="en" lang="en">
 <head>
  <title>
</title>
<meta http-equiv="Content-Type" content="text/html;charset=utf-8" />
  <meta name='ocr-system' content='tesseract 3.04.00' />
  <meta name='ocr-capabilities' content='ocr_page ocr_carea ocr_par ocr_line ocrx_word'/>
</head>
<body>
  <div class='ocr_page' id='page_1' title='image "./pvirgiliusmaroq05barbgoog_0092.png"; bbox 0 0 2996 4694; ppageno 0'>
   <div class='ocr_carea' id='block_1_1' title="bbox 273 363 1058 468">
    <p class='ocr_par' dir='ltr' id='par_1_1' title="bbox 273 363 1058 468">
     <span class='ocr_line' id='line_1_1' title="bbox 273 363 1058 468; baseline -0.031 -15"><span class='ocrx_word' id='word_1_1' title='bbox 273 389 315 468; x_wconf 70' lang='lat' dir='ltr'>si</span> <span class='ocrx_word' id='word_1_2' title='bbox 519 384 553 445; x_wconf 84' lang='lat' dir='ltr'>r.</span> <span class='ocrx_word' id='word_1_3' title='bbox 577 371 805 440; x_wconf 77' lang='lat' dir='ltr'>vrrornrr</span> <span class='ocrx_word' id='word_1_4' title='bbox 828 363 1058 432; x_wconf 71' lang='lat' dir='ltr'>nunonis</span> 
     </span>
    </p>
   </div>
   <div class='ocr_carea' id='block_1_2' title="bbox 272 490 1103 808">
    <p class='ocr_par' dir='ltr' id='par_1_2' title="bbox 272 490 1103 808">
     <span class='ocr_line' id='line_1_2' title="bbox 272 490 1042 596; baseline -0.032 -19"><span class='ocrx_word' id='word_1_5' title='bbox 272 514 399 588; x_wconf 82' lang='lat' dir='ltr'>Nesaee,</span> <span class='ocrx_word' id='word_1_6' title='bbox 413 507 570 596; x_wconf 85' lang='lat' dir='ltr'>Spioque,</span> <span class='ocrx_word' id='word_1_7' title='bbox 583 499 765 587; x_wconf 84' lang='lat' dir='ltr'>Thaliaque</span> <span class='ocrx_word' id='word_1_8' title='bbox 778 490 1042 584; x_wconf 81' lang='lat' dir='ltr'><strong>Cymodoceque.</strong></span> 
     </span>
     <span class='ocr_line' id='line_1_3' title="bbox 318 596 1103 704; baseline -0.029 -24"><span class='ocrx_word' id='word_1_9' title='bbox 318 618 380 682; x_wconf 91' lang='lat' dir='ltr'>Hic</span> <span class='ocrx_word' id='word_1_10' title='bbox 392 614 492 704; x_wconf 87' lang='lat' dir='ltr'>petris</span> <span class='ocrx_word' id='word_1_11' title='bbox 505 615 613 676; x_wconf 85' lang='lat' dir='ltr'>AEneae</span> <span class='ocrx_word' id='word_1_12' title='bbox 625 625 817 694; x_wconf 81' lang='lat' dir='ltr'>suspensam</span> <span class='ocrx_word' id='word_1_13' title='bbox 827 597 948 664; x_wconf 84' lang='lat' dir='ltr'>blande</span> <span class='ocrx_word' id='word_1_14' title='bbox 959 596 1103 661; x_wconf 88' lang='lat' dir='ltr'>vicissim</span> 
     </span>
     <span class='ocr_line' id='line_1_4' title="bbox 274 701 1100 808; baseline -0.03 -19"><span class='ocrx_word' id='word_1_15' title='bbox 274 722 400 790; x_wconf 84' lang='lat' dir='ltr'>Gaudia</span> <span class='ocrx_word' id='word_1_16' title='bbox 412 731 598 808; x_wconf 84' lang='lat' dir='ltr'>pertentent</span> <span class='ocrx_word' id='word_1_17' title='bbox 609 727 754 778; x_wconf 86' lang='lat' dir='ltr'>mentem</span> <span class='ocrx_word' id='word_1_18' title='bbox 767 732 773 770; x_wconf 92' lang='lat'><strong>:</strong></span> <span class='ocrx_word' id='word_1_19' title='bbox 783 707 879 798; x_wconf 87' lang='lat' dir='ltr'>jubet</span> <span class='ocrx_word' id='word_1_20' title='bbox 891 705 981 770; x_wconf 92' lang='lat' dir='ltr'>ocius</span> <span class='ocrx_word' id='word_1_21' title='bbox 994 701 1100 768; x_wconf 89' lang='lat' dir='ltr'>omnis</span> 
     </span>
    </p>
   </div>
   <div class='ocr_carea' id='block_1_3' title="bbox 272 812 907 902">
    <p class='ocr_par' dir='ltr' id='par_1_3' title="bbox 272 812 907 902">
     <span class='ocr_line' id='line_1_5' title="bbox 272 812 907 902; baseline -0.033 -7"><span class='ocrx_word' id='word_1_22' title='bbox 272 828 394 895; x_wconf 77' lang='lat' dir='ltr'>Adtolli</span> <span class='ocrx_word' id='word_1_23' title='bbox 406 825 522 902; x_wconf 83' lang='lat' dir='ltr'>melos,</span> <span class='ocrx_word' id='word_1_24' title='bbox 535 817 662 884; x_wconf 90' lang='lat' dir='ltr'>intendi</span> <span class='ocrx_word' id='word_1_25' title='bbox 673 814 806 881; x_wconf 84' lang='lat' dir='ltr'>brechia</span> <span class='ocrx_word' id='word_1_26' title='bbox 817 812 907 876; x_wconf 86' lang='lat' dir='ltr'>velis.</span> 
     </span>
    </p>
   </div>
   <div class='ocr_carea' id='block_1_4' title="bbox 273 915 1308 1110">
    <p class='ocr_par' dir='ltr' id='par_1_4' title="bbox 273 915 1308 1110">
     <span class='ocr_line' id='line_1_6' title="bbox 273 915 1308 1014; baseline -0.033 -13"><span class='ocrx_word' id='word_1_27' title='bbox 273 937 348 1000; x_wconf 84' lang='lat' dir='ltr'>Una</span> <span class='ocrx_word' id='word_1_28' title='bbox 359 952 473 998; x_wconf 89' lang='lat' dir='ltr'>omnes</span> <span class='ocrx_word' id='word_1_29' title='bbox 486 929 594 993; x_wconf 85' lang='lat' dir='ltr'>fecere</span> <span class='ocrx_word' id='word_1_30' title='bbox 606 923 742 1014; x_wconf 83' lang='lat' dir='ltr'>pedem3</span> <span class='ocrx_word' id='word_1_31' title='bbox 755 915 1117 1009; x_wconf 82' lang='lat' dir='ltr'>pariterque-sinistros,</span> <span class='ocrx_word' id='word_1_32' title='bbox 1143 955 1145 963; x_wconf 33' lang='grc' dir='ltr'><em>ι</em></span> <span class='ocrx_word' id='word_1_33' title='bbox 1262 920 1308 968; x_wconf 56' lang='lat' dir='ltr'>ts«.</span> 
     </span>
     <span class='ocr_line' id='line_1_7' title="bbox 273 1023 1128 1110; baseline -0.032 -2"><span class='ocrx_word' id='word_1_34' title='bbox 273 1045 369 1108; x_wconf 80' lang='lat' dir='ltr'>Nunc</span> <span class='ocrx_word' id='word_1_35' title='bbox 382 1039 512 1103; x_wconf 84' lang='lat' dir='ltr'>dextros</span> <span class='ocrx_word' id='word_1_36' title='bbox 524 1033 651 1100; x_wconf 87' lang='lat' dir='ltr'>solvere</span> <span class='ocrx_word' id='word_1_37' title='bbox 663 1033 769 1110; x_wconf 89' lang='lat' dir='ltr'>sinus;</span> <span class='ocrx_word' id='word_1_38' title='bbox 782 1050 847 1092; x_wconf 85' lang='lat' dir='ltr'>una</span> <span class='ocrx_word' id='word_1_39' title='bbox 858 1023 960 1090; x_wconf 88' lang='lat' dir='ltr'>ardua</span> <span class='ocrx_word' id='word_1_40' title='bbox 972 1034 1128 1110; x_wconf 86' lang='lat' dir='ltr'>torquent</span> 
     </span>
    </p>
   </div>
   <div class='ocr_carea' id='block_1_5' title="bbox 272 1191 1313 1758">
    <p class='ocr_par' dir='ltr' id='par_1_5' title="bbox 272 1191 1313 1758">
     <span class='ocr_line' id='line_1_8' title="bbox 304 1191 1310 1277; baseline -0.03 -14"><span class='ocrx_word' id='word_1_41' title='bbox 304 1215 358 1265; x_wconf 80' lang='lat'>826.</span> <span class='ocrx_word' id='word_1_42' title='bbox 369 1217 487 1277; x_wconf 79' lang='lat' dir='ltr'>Nr&#39;seeque,</span> <span class='ocrx_word' id='word_1_43' title='bbox 496 1213 633 1275; x_wconf 79' lang='lat' dir='ltr'>Nisseaqne,</span> <span class='ocrx_word' id='word_1_44' title='bbox 641 1210 748 1271; x_wconf 63' lang='lat' dir='ltr'>quue,</span> <span class='ocrx_word' id='word_1_45' title='bbox 756 1206 825 1258; x_wconf 81' lang='lat' dir='ltr'>Nisie,</span> <span class='ocrx_word' id='word_1_46' title='bbox 835 1204 911 1256; x_wconf 68' lang='lat' dir='ltr'>Nesco,</span> <span class='ocrx_word' id='word_1_47' title='bbox 919 1200 1001 1252; x_wconf 83' lang='lat' dir='ltr'>Niseoe,</span> <span class='ocrx_word' id='word_1_48' title='bbox 1008 1195 1183 1250; x_wconf 64' lang='lat' dir='ltr'>Noeunsseae</span> <span class='ocrx_word' id='word_1_49' title='bbox 1190 1191 1310 1256; x_wconf 78' lang='lat' dir='ltr'>Espioque,</span> 
     </span>
     <span class='ocr_line' id='line_1_9' title="bbox 275 1257 1311 1350; baseline -0.031 -13"><span class='ocrx_word' id='word_1_50' title='bbox 275 1291 338 1337; x_wconf 79' lang='lat' dir='ltr'>Nisoe</span> <span class='ocrx_word' id='word_1_51' title='bbox 347 1288 459 1350; x_wconf 80' lang='lat' dir='ltr'>Espioque</span> <span class='ocrx_word' id='word_1_52' title='bbox 465 1310 496 1320; x_wconf 90' lang='lat'><em>-</em></span> <span class='ocrx_word' id='word_1_53' title='bbox 506 1281 619 1347; x_wconf 76' lang='lat' dir='ltr'>Tholoque</span> <span class='ocrx_word' id='word_1_54' title='bbox 625 1306 656 1316; x_wconf 93' lang='lat'>-</span> <span class='ocrx_word' id='word_1_55' title='bbox 664 1277 803 1341; x_wconf 68' lang='lat' dir='ltr'>iliumque,</span> <span class='ocrx_word' id='word_1_56' title='bbox 813 1275 920 1320; x_wconf 83' lang='lat' dir='ltr'>aberrstt.</span> <span class='ocrx_word' id='word_1_57' title='bbox 933 1271 1019 1315; x_wconf 81' lang='lat' dir='ltr'>Versus</span> <span class='ocrx_word' id='word_1_58' title='bbox 1028 1281 1152 1314; x_wconf 83' lang='lat' dir='ltr'>conversus</span> <span class='ocrx_word' id='word_1_59' title='bbox 1162 1280 1214 1326; x_wconf 74' lang='lat' dir='ltr'>egr.</span> <span class='ocrx_word' id='word_1_60' title='bbox 1224 1257 1311 1306; x_wconf 71' lang='lat' dir='ltr'>Nereis</span> 
     </span>
     <span class='ocr_line' id='line_1_10' title="bbox 272 1336 1310 1414; baseline -0.028 -8"><span class='ocrx_word' id='word_1_61' title='bbox 272 1353 355 1406; x_wconf 62' lang='lat' dir='ltr'>lurni</span> <span class='ocrx_word' id='word_1_62' title='bbox 366 1348 725 1414; x_wconf 65' lang='lat' dir='ltr'>e·,esrnier,1svmstmc.</span> <span class='ocrx_word' id='word_1_63' title='bbox 736 1347 801 1393; x_wconf 88' lang='lat' dir='ltr'>ldem</span> <span class='ocrx_word' id='word_1_64' title='bbox 809 1348 856 1408; x_wconf 77' lang='lat' dir='ltr'>jum</span> <span class='ocrx_word' id='word_1_65' title='bbox 869 1345 911 1390; x_wconf 87' lang='lat' dir='ltr'>Ge.</span> <span class='ocrx_word' id='word_1_66' title='bbox 920 1342 960 1396; x_wconf 87' lang='lat' dir='ltr'>lV,</span> <span class='ocrx_word' id='word_1_67' title='bbox 968 1339 1013 1387; x_wconf 82' lang='grc'>338</span> <span class='ocrx_word' id='word_1_68' title='bbox 1022 1338 1103 1384; x_wconf 88' lang='lat' dir='ltr'>lectus.</span> <span class='ocrx_word' id='word_1_69' title='bbox 1113 1361 1144 1372; x_wconf 92' lang='lat'>-·</span> <span class='ocrx_word' id='word_1_70' title='bbox 1151 1336 1204 1382; x_wconf 77' lang='lat'>828.</span> <span class='ocrx_word' id='word_1_71' title='bbox 1214 1341 1310 1397; x_wconf 79' lang='lat' dir='ltr'>prenn-</span> 
     </span>
     <span class='ocr_line' id='line_1_11' title="bbox 274 1401 1311 1485; baseline -0.027 -10"><span class='ocrx_word' id='word_1_72' title='bbox 274 1439 325 1475; x_wconf 82' lang='lat' dir='ltr'>tnnt</span> <span class='ocrx_word' id='word_1_73' title='bbox 333 1429 391 1476; x_wconf 78' lang='lat' dir='ltr'>ulter</span> <span class='ocrx_word' id='word_1_74' title='bbox 402 1427 483 1473; x_wconf 84' lang='lat' dir='ltr'>iiamb.</span> <span class='ocrx_word' id='word_1_75' title='bbox 494 1451 526 1462; x_wconf 86' lang='lat'>—</span> <span class='ocrx_word' id='word_1_76' title='bbox 537 1425 590 1485; x_wconf 76' lang='lat'>829.</span> <span class='ocrx_word' id='word_1_77' title='bbox 604 1421 688 1468; x_wconf 74' lang='lat' dir='ltr'>intntdi</span> <span class='ocrx_word' id='word_1_78' title='bbox 696 1422 718 1465; x_wconf 85' lang='lat' dir='ltr'>in</span> <span class='ocrx_word' id='word_1_79' title='bbox 727 1417 748 1463; x_wconf 83' lang='lat' dir='ltr'>b.</span> <span class='ocrx_word' id='word_1_80' title='bbox 759 1415 845 1462; x_wconf 85' lang='lat' dir='ltr'>Medic.</span> <span class='ocrx_word' id='word_1_81' title='bbox 855 1431 867 1458; x_wconf 78' lang='lat' dir='ltr'>a</span> <span class='ocrx_word' id='word_1_82' title='bbox 877 1429 908 1459; x_wconf 88' lang='lat' dir='ltr'>m.</span> <span class='ocrx_word' id='word_1_83' title='bbox 918 1428 967 1474; x_wconf 76' lang='lat' dir='ltr'>pn,</span> <span class='ocrx_word' id='word_1_84' title='bbox 977 1407 1041 1473; x_wconf 87' lang='lat' dir='ltr'>quod</span> <span class='ocrx_word' id='word_1_85' title='bbox 1050 1409 1157 1453; x_wconf 79' lang='lat' dir='ltr'>Heinsius</span> <span class='ocrx_word' id='word_1_86' title='bbox 1165 1420 1212 1450; x_wconf 88' lang='lat' dir='ltr'>nou</span> <span class='ocrx_word' id='word_1_87' title='bbox 1223 1418 1272 1450; x_wconf 86' lang='lat' dir='ltr'>esse</span> <span class='ocrx_word' id='word_1_88' title='bbox 1281 1401 1311 1446; x_wconf 84' lang='lat' dir='ltr'>de</span> 
     </span>
     <span class='ocr_line' id='line_1_12' title="bbox 274 1473 1313 1561; baseline -0.031 -14"><span class='ocrx_word' id='word_1_89' title='bbox 274 1498 350 1546; x_wconf 82' lang='lat' dir='ltr'><strong>nihilo</strong></span> <span class='ocrx_word' id='word_1_90' title='bbox 360 1498 471 1561; x_wconf 78' lang='lat' dir='ltr'>putabat:</span> <span class='ocrx_word' id='word_1_91' title='bbox 483 1498 515 1542; x_wconf 80' lang='lat' dir='ltr'>its</span> <span class='ocrx_word' id='word_1_92' title='bbox 529 1496 591 1542; x_wconf 86' lang='lat' dir='ltr'>enim</span> <span class='ocrx_word' id='word_1_93' title='bbox 605 1493 679 1539; x_wconf 87' lang='lat' dir='ltr'>solere</span> <span class='ocrx_word' id='word_1_94' title='bbox 694 1493 717 1535; x_wconf 89' lang='lat' dir='ltr'>in</span> <span class='ocrx_word' id='word_1_95' title='bbox 728 1486 854 1534; x_wconf 81' lang='lat' dir='ltr'>abundare.</span> <span class='ocrx_word' id='word_1_96' title='bbox 867 1482 970 1529; x_wconf 81' lang='lat' dir='ltr'>Laudat:</span> <span class='ocrx_word' id='word_1_97' title='bbox 985 1480 1087 1524; x_wconf 81' lang='lat' dir='ltr'>meditari</span> <span class='ocrx_word' id='word_1_98' title='bbox 1097 1480 1119 1522; x_wconf 84' lang='lat' dir='ltr'>in</span> <span class='ocrx_word' id='word_1_99' title='bbox 1129 1473 1220 1540; x_wconf 76' lang='lat' dir='ltr'>prelia,</span> <span class='ocrx_word' id='word_1_100' title='bbox 1235 1473 1313 1537; x_wconf 79' lang='lat' dir='ltr'>inferri</span> 
     </span>
     <span class='ocr_line' id='line_1_13' title="bbox 275 1541 1313 1622; baseline -0.026 -7"><span class='ocrx_word' id='word_1_101' title='bbox 275 1567 392 1615; x_wconf 77' lang='lat' dir='ltr'>inionem</span> <span class='ocrx_word' id='word_1_102' title='bbox 404 1580 447 1614; x_wconf 84' lang='lat' dir='ltr'>etc.</span> <span class='ocrx_word' id='word_1_103' title='bbox 459 1567 517 1622; x_wconf 85' lang='lat' dir='ltr'>Sed,</span> <span class='ocrx_word' id='word_1_104' title='bbox 530 1579 555 1611; x_wconf 90' lang='lat' dir='ltr'>ut</span> <span class='ocrx_word' id='word_1_105' title='bbox 566 1565 615 1610; x_wconf 73' lang='lat' dir='ltr'>bec</span> <span class='ocrx_word' id='word_1_106' title='bbox 626 1559 705 1608; x_wconf 88' lang='lat' dir='ltr'>locum</span> <span class='ocrx_word' id='word_1_107' title='bbox 716 1559 840 1611; x_wconf 82' lang='lat' dir='ltr'>baberent,</span> <span class='ocrx_word' id='word_1_108' title='bbox 854 1554 953 1601; x_wconf 79' lang='lat' dir='ltr'>deberet</span> <span class='ocrx_word' id='word_1_109' title='bbox 963 1567 975 1596; x_wconf 83' lang='lat' dir='ltr'>e</span> <span class='ocrx_word' id='word_1_110' title='bbox 987 1561 1055 1612; x_wconf 80' lang='lat' dir='ltr'>poeta</span> <span class='ocrx_word' id='word_1_111' title='bbox 1067 1549 1177 1610; x_wconf 79' lang='lat' dir='ltr'>scriptum</span> <span class='ocrx_word' id='word_1_112' title='bbox 1189 1559 1251 1593; x_wconf 85' lang='lat' dir='ltr'>esse:</span> <span class='ocrx_word' id='word_1_113' title='bbox 1263 1541 1313 1589; x_wconf 79' lang='lat' dir='ltr'>vein</span> 
     </span>
     <span class='ocr_line' id='line_1_14' title="bbox 274 1614 1313 1684; baseline -0.027 1"><span class='ocrx_word' id='word_1_114' title='bbox 274 1638 361 1684; x_wconf 80' lang='lat' dir='ltr'>intendi</span> <span class='ocrx_word' id='word_1_115' title='bbox 371 1641 393 1682; x_wconf 87' lang='lat' dir='ltr'>in</span> <span class='ocrx_word' id='word_1_116' title='bbox 405 1635 502 1683; x_wconf 74' lang='lat' dir='ltr'>brochus.</span> <span class='ocrx_word' id='word_1_117' title='bbox 515 1635 588 1680; x_wconf 86' lang='lat' dir='ltr'>Porro</span> <span class='ocrx_word' id='word_1_118' title='bbox 598 1631 696 1678; x_wconf 85' lang='lat' dir='ltr'>Dorvill.</span> <span class='ocrx_word' id='word_1_119' title='bbox 710 1627 801 1675; x_wconf 81' lang='lat' dir='ltr'>extendi</span> <span class='ocrx_word' id='word_1_120' title='bbox 814 1625 847 1670; x_wconf 84' lang='lat' dir='ltr'>br.</span> <span class='ocrx_word' id='word_1_121' title='bbox 861 1625 993 1669; x_wconf 77' lang='lat' dir='ltr'>Romanus:</span> <span class='ocrx_word' id='word_1_122' title='bbox 1008 1619 1041 1664; x_wconf 83' lang='lat' dir='ltr'>br.</span> <span class='ocrx_word' id='word_1_123' title='bbox 1054 1621 1131 1673; x_wconf 66' lang='lat' dir='ltr'>nmis,</span> <span class='ocrx_word' id='word_1_124' title='bbox 1147 1632 1201 1663; x_wconf 87' lang='lat' dir='ltr'>cum</span> <span class='ocrx_word' id='word_1_125' title='bbox 1216 1614 1313 1660; x_wconf 78' lang='lat' dir='ltr'>Oudsrt.</span> 
     </span>
     <span class='ocr_line' id='line_1_15' title="bbox 275 1687 1313 1758; baseline -0.028 -2"><span class='ocrx_word' id='word_1_126' title='bbox 275 1709 322 1756; x_wconf 84' lang='lat' dir='ltr'>Sed</span> <span class='ocrx_word' id='word_1_127' title='bbox 333 1708 454 1755; x_wconf 73' lang='lat' dir='ltr'>manifesto</span> <span class='ocrx_word' id='word_1_128' title='bbox 466 1707 555 1753; x_wconf 77' lang='lat' dir='ltr'>librarii</span> <span class='ocrx_word' id='word_1_129' title='bbox 566 1720 645 1750; x_wconf 80' lang='lat' dir='ltr'>errore</span> <span class='ocrx_word' id='word_1_130' title='bbox 650 1718 658 1758; x_wconf 90' lang='lat'>;</span> <span class='ocrx_word' id='word_1_131' title='bbox 670 1703 730 1747; x_wconf 78' lang='lat' dir='ltr'>forte</span> <span class='ocrx_word' id='word_1_132' title='bbox 743 1717 764 1746; x_wconf 84' lang='lat' dir='ltr'>v.</span> <span class='ocrx_word' id='word_1_133' title='bbox 777 1696 827 1744; x_wconf 80' lang='lat'><strong>136.</strong></span> <span class='ocrx_word' id='word_1_134' title='bbox 838 1720 870 1731; x_wconf 88' lang='lat'>-</span> <span class='ocrx_word' id='word_1_135' title='bbox 879 1693 931 1741; x_wconf 79' lang='lat'><strong>830.</strong></span> <span class='ocrx_word' id='word_1_136' title='bbox 941 1694 1011 1738; x_wconf 84' lang='lat' dir='ltr'>omnis</span> <span class='ocrx_word' id='word_1_137' title='bbox 1023 1691 1087 1736; x_wconf 79' lang='lat' dir='ltr'>Rom.</span> <span class='ocrx_word' id='word_1_138' title='bbox 1099 1711 1130 1724; x_wconf 87' lang='lat'>-</span> <span class='ocrx_word' id='word_1_139' title='bbox 1139 1687 1192 1734; x_wconf 80' lang='lat'>831.</span> <span class='ocrx_word' id='word_1_140' title='bbox 1204 1701 1223 1731; x_wconf 86' lang='lat' dir='ltr'>s.</span> <span class='ocrx_word' id='word_1_141' title='bbox 1233 1697 1313 1730; x_wconf 84' lang='lat' dir='ltr'>manus</span> 
     </span>
    </p>
   </div>
   <div class='ocr_carea' id='block_1_6' title="bbox 269 1833 1315 1996">
    <p class='ocr_par' dir='ltr' id='par_1_6' title="bbox 269 1833 1315 1996">
     <span class='ocr_line' id='line_1_16' title="bbox 269 1833 1314 1920; baseline -0.023 -10"><span class='ocrx_word' id='word_1_142' title='bbox 269 1863 303 1902; x_wconf 56' lang='grc' dir='ltr'>τί</span> <span class='ocrx_word' id='word_1_143' title='bbox 319 1848 426 1902; x_wconf 64' lang='grc' dir='ltr'>Ηθὸἰῡᾶ·</span> <span class='ocrx_word' id='word_1_144' title='bbox 439 1847 539 1920; x_wconf 71' lang='lat' dir='ltr'>Theofi·</span> <span class='ocrx_word' id='word_1_145' title='bbox 561 1846 697 1916; x_wconf 61' lang='lat' dir='ltr'>24Qi¹1101</span> <span class='ocrx_word' id='word_1_146' title='bbox 715 1842 771 1893; x_wconf 67' lang='lat' dir='ltr'>Ne·</span> <span class='ocrx_word' id='word_1_147' title='bbox 823 1849 871 1902; x_wconf 80' lang='lat'>126</span> <span class='ocrx_word' id='word_1_148' title='bbox 885 1857 1002 1904; x_wconf 79' lang='lat' dir='ltr'>constat3</span> <span class='ocrx_word' id='word_1_149' title='bbox 1015 1842 1062 1894; x_wconf 92' lang='lat' dir='ltr'>ubi</span> <span class='ocrx_word' id='word_1_150' title='bbox 1080 1842 1150 1892; x_wconf 85' lang='lat' dir='ltr'>Juno</span> <span class='ocrx_word' id='word_1_151' title='bbox 1161 1838 1234 1890; x_wconf 84' lang='lat' dir='ltr'>videt</span> <span class='ocrx_word' id='word_1_152' title='bbox 1247 1833 1314 1887; x_wconf 80' lang='lat' dir='ltr'><strong><em>Pal-</em></strong></span> 
     </span>
     <span class='ocr_line' id='line_1_17' title="bbox 276 1914 1315 1996; baseline -0.02 -13"><span class='ocrx_word' id='word_1_153' title='bbox 276 1929 363 1983; x_wconf 86' lang='lat' dir='ltr'>reides</span> <span class='ocrx_word' id='word_1_154' title='bbox 382 1929 506 1981; x_wconf 87' lang='lat' dir='ltr'>occurrit.</span> <span class='ocrx_word' id='word_1_155' title='bbox 519 1927 557 1977; x_wconf 88' lang='lat' dir='ltr'>De</span> <span class='ocrx_word' id='word_1_156' title='bbox 569 1927 678 1996; x_wconf 82' lang='lat' dir='ltr'><strong><em>Panope</em></strong></span> <span class='ocrx_word' id='word_1_157' title='bbox 698 1921 769 1973; x_wconf 83' lang='lat' dir='ltr'>conf.</span> <span class='ocrx_word' id='word_1_158' title='bbox 820 1927 882 1980; x_wconf 67' lang='lat' dir='ltr'>iada</span> <span class='ocrx_word' id='word_1_159' title='bbox 902 1923 1011 1995; x_wconf 73' lang='lat' dir='ltr'>velifero</span> <span class='ocrx_word' id='word_1_160' title='bbox 1031 1929 1187 1994; x_wconf 68' lang='lat' dir='ltr'>querentem</span> <span class='ocrx_word' id='word_1_161' title='bbox 1208 1914 1315 1968; x_wconf 81' lang='lat' dir='ltr'>brachia</span> 
     </span>
    </p>
   </div>
   <div class='ocr_carea' id='block_1_7' title="bbox 271 2000 784 3891">
    <p class='ocr_par' dir='ltr' id='par_1_7' title="bbox 271 2000 784 3891">
     <span class='ocr_line' id='line_1_18' title="bbox 271 2000 773 2080; baseline -0.02 -19"><span class='ocrx_word' id='word_1_162' title='bbox 271 2027 337 2080; x_wconf 85' lang='lat' dir='ltr'>¹sup.</span> <span class='ocrx_word' id='word_1_163' title='bbox 351 2007 385 2060; x_wconf 87' lang='lat' dir='ltr'>ad</span> <span class='ocrx_word' id='word_1_164' title='bbox 399 2027 423 2058; x_wconf 87' lang='lat' dir='ltr'>v.</span> <span class='ocrx_word' id='word_1_165' title='bbox 443 2006 500 2073; x_wconf 63' lang='lat' dir='ltr'>rio.</span> <span class='ocrx_word' id='word_1_166' title='bbox 514 2005 592 2056; x_wconf 68' lang='lat' dir='ltr'>forte</span> <span class='ocrx_word' id='word_1_167' title='bbox 605 2005 632 2056; x_wconf 89' lang='lat' dir='ltr'>in</span> <span class='ocrx_word' id='word_1_168' title='bbox 644 2002 696 2060; x_wconf 86' lang='lat' dir='ltr'>boc</span> <span class='ocrx_word' id='word_1_169' title='bbox 708 2000 773 2052; x_wconf 86' lang='lat' dir='ltr'>deo-</span> 
     </span>
     <span class='ocr_line' id='line_1_19' title="bbox 271 2083 772 2152; baseline -0.018 -11"><span class='ocrx_word' id='word_1_170' title='bbox 271 2107 337 2152; x_wconf 80' lang='lat' dir='ltr'>rum</span> <span class='ocrx_word' id='word_1_171' title='bbox 349 2089 511 2140; x_wconf 87' lang='lat' dir='ltr'>marinorum</span> <span class='ocrx_word' id='word_1_172' title='bbox 523 2103 638 2138; x_wconf 85' lang='lat' dir='ltr'>recensu</span> <span class='ocrx_word' id='word_1_173' title='bbox 653 2083 772 2136; x_wconf 84' lang='lat' dir='ltr'>Maronis</span> 
     </span>
     <span class='ocr_line' id='line_1_20' title="bbox 279 2160 772 2239; baseline -0.02 -18"><span class='ocrx_word' id='word_1_174' title='bbox 279 2169 428 2222; x_wconf 86' lang='lat' dir='ltr'><strong>doctrinam</strong></span> <span class='ocrx_word' id='word_1_175' title='bbox 437 2166 553 2239; x_wconf 76' lang='lat' dir='ltr'>AEscbyli</span> <span class='ocrx_word' id='word_1_176' title='bbox 569 2164 667 2220; x_wconf 68' lang='lat' dir='ltr'>rieden</span> <span class='ocrx_word' id='word_1_177' title='bbox 679 2160 772 2218; x_wconf 64' lang='lat' dir='ltr'>uben</span> 
     </span>
     <span class='ocr_line' id='line_1_21' title="bbox 279 2243 773 2318; baseline -0.012 -18"><span class='ocrx_word' id='word_1_178' title='bbox 279 2249 447 2300; x_wconf 78' lang='lat' dir='ltr'>instruxerat.</span> <span class='ocrx_word' id='word_1_179' title='bbox 464 2248 554 2318; x_wconf 85' lang='lat' dir='ltr'>ipsum</span> <span class='ocrx_word' id='word_1_180' title='bbox 578 2257 666 2298; x_wconf 81' lang='lat' dir='ltr'>autern</span> <span class='ocrx_word' id='word_1_181' title='bbox 688 2243 773 2316; x_wconf 84' lang='lat' dir='ltr'>phan-</span> 
     </span>
     <span class='ocr_line' id='line_1_22' title="bbox 271 2327 775 2382; baseline -0.014 -2"><span class='ocrx_word' id='word_1_182' title='bbox 271 2327 775 2382; x_wconf 42' lang='lat' dir='ltr'>*tasmedeorummerinorumetmons-</span> 
     </span>
     <span class='ocr_line' id='line_1_23' title="bbox 280 2403 775 2459; baseline -0.016 0"><span class='ocrx_word' id='word_1_183' title='bbox 280 2415 383 2459; x_wconf 88' lang='lat' dir='ltr'>tro&#39;rum</span> <span class='ocrx_word' id='word_1_184' title='bbox 411 2407 483 2457; x_wconf 81' lang='lat' dir='ltr'>circa</span> <span class='ocrx_word' id='word_1_185' title='bbox 509 2423 604 2456; x_wconf 80' lang='lat' dir='ltr'>narem</span> <span class='ocrx_word' id='word_1_186' title='bbox 626 2403 775 2455; x_wconf 88' lang='lat' dir='ltr'>ludentium</span> 
     </span>
     <span class='ocr_line' id='line_1_24' title="bbox 281 2481 775 2560; baseline -0.014 -20"><span class='ocrx_word' id='word_1_187' title='bbox 281 2489 393 2560; x_wconf 88' lang='lat' dir='ltr'>petitum</span> <span class='ocrx_word' id='word_1_188' title='bbox 405 2498 444 2538; x_wconf 88' lang='lat' dir='ltr'>est</span> <span class='ocrx_word' id='word_1_189' title='bbox 461 2502 492 2537; x_wconf 81' lang='lat' dir='ltr'>ex</span> <span class='ocrx_word' id='word_1_190' title='bbox 509 2483 634 2554; x_wconf 86' lang='lat' dir='ltr'>Apoiion.</span> <span class='ocrx_word' id='word_1_191' title='bbox 652 2483 688 2532; x_wconf 85' lang='lat' dir='ltr'>IV</span> <span class='ocrx_word' id='word_1_192' title='bbox 691 2521 703 2548; x_wconf 81' lang='lat'><strong>‚</strong></span> <span class='ocrx_word' id='word_1_193' title='bbox 724 2481 775 2550; x_wconf 86' lang='lat'>930</span> 
     </span>
     <span class='ocr_line' id='line_1_25' title="bbox 283 2561 777 2636; baseline -0.014 -19"><span class='ocrx_word' id='word_1_194' title='bbox 283 2585 342 2636; x_wconf 83' lang='lat' dir='ltr'>sqq.</span> <span class='ocrx_word' id='word_1_195' title='bbox 351 2603 359 2628; x_wconf 90' lang='lat'>,</span> <span class='ocrx_word' id='word_1_196' title='bbox 369 2565 416 2616; x_wconf 88' lang='lat' dir='ltr'>ubi</span> <span class='ocrx_word' id='word_1_197' title='bbox 427 2581 522 2616; x_wconf 83' lang='lat' dir='ltr'>navem</span> <span class='ocrx_word' id='word_1_198' title='bbox 531 2583 545 2614; x_wconf 93' lang='lat' dir='ltr'>e</span> <span class='ocrx_word' id='word_1_199' title='bbox 556 2563 669 2614; x_wconf 87' lang='lat' dir='ltr'>Pianctis</span> <span class='ocrx_word' id='word_1_200' title='bbox 681 2561 777 2614; x_wconf 80' lang='lat' dir='ltr'>liberet</span> 
     </span>
     <span class='ocr_line' id='line_1_26' title="bbox 281 2642 624 2697; baseline -0.012 -1"><span class='ocrx_word' id='word_1_201' title='bbox 281 2645 373 2697; x_wconf 79' lang='lat' dir='ltr'>Thetis</span> <span class='ocrx_word' id='word_1_202' title='bbox 386 2662 445 2696; x_wconf 89' lang='lat' dir='ltr'>cum</span> <span class='ocrx_word' id='word_1_203' title='bbox 455 2642 624 2694; x_wconf 83' lang='lat' dir='ltr'>Nereidibus.</span> 
     </span>
     <span class='ocr_line' id='line_1_27' title="bbox 320 2717 778 2792; baseline -0.015 -15"><span class='ocrx_word' id='word_1_204' title='bbox 320 2721 480 2792; x_wconf 84' lang='lat'><strong>827-839.</strong></span> <span class='ocrx_word' id='word_1_205' title='bbox 515 2721 604 2772; x_wconf 82' lang='lat' dir='ltr'>Potest</span> <span class='ocrx_word' id='word_1_206' title='bbox 635 2717 778 2770; x_wconf 89' lang='lat' dir='ltr'>obscurum</span> 
     </span>
     <span class='ocr_line' id='line_1_28' title="bbox 284 2797 778 2870; baseline -0.016 -14"><span class='ocrx_word' id='word_1_207' title='bbox 284 2819 364 2866; x_wconf 80' lang='lat' dir='ltr'>esse,</span> <span class='ocrx_word' id='word_1_208' title='bbox 399 2819 458 2854; x_wconf 88' lang='lat' dir='ltr'>eum</span> <span class='ocrx_word' id='word_1_209' title='bbox 488 2819 513 2850; x_wconf 87' lang='lat' dir='ltr'>v.</span> <span class='ocrx_word' id='word_1_210' title='bbox 545 2815 604 2870; x_wconf 82' lang='lat'>777.</span> <span class='ocrx_word' id='word_1_211' title='bbox 643 2797 693 2868; x_wconf 80' lang='lat'>778</span> <span class='ocrx_word' id='word_1_212' title='bbox 722 2800 778 2866; x_wconf 81' lang='lat' dir='ltr'>jem</span> 
     </span>
     <span class='ocr_line' id='line_1_29' title="bbox 284 2875 779 2949; baseline -0.01 -17"><span class='ocrx_word' id='word_1_213' title='bbox 284 2893 364 2933; x_wconf 84' lang='lat' dir='ltr'>vento</span> <span class='ocrx_word' id='word_1_214' title='bbox 376 2879 494 2933; x_wconf 88' lang='lat' dir='ltr'>secundo</span> <span class='ocrx_word' id='word_1_215' title='bbox 508 2879 703 2949; x_wconf 79' lang='lat' dir='ltr'>navigaverint,</span> <span class='ocrx_word' id='word_1_216' title='bbox 714 2875 779 2948; x_wconf 90' lang='lat' dir='ltr'>quid</span> 
     </span>
     <span class='ocr_line' id='line_1_30' title="bbox 285 2958 778 3027; baseline -0.012 -15"><span class='ocrx_word' id='word_1_217' title='bbox 285 2979 357 3013; x_wconf 87' lang='lat' dir='ltr'>nunc</span> <span class='ocrx_word' id='word_1_218' title='bbox 373 2977 448 3012; x_wconf 76' lang='lat' dir='ltr'>nove</span> <span class='ocrx_word' id='word_1_219' title='bbox 466 2962 504 3012; x_wconf 90' lang='lat' dir='ltr'>rei</span> <span class='ocrx_word' id='word_1_220' title='bbox 524 2971 717 3027; x_wconf 87' lang='lat' dir='ltr'>consequutum</span> <span class='ocrx_word' id='word_1_221' title='bbox 731 2958 778 3022; x_wconf 90' lang='lat' dir='ltr'>sit,</span> 
     </span>
     <span class='ocr_line' id='line_1_31' title="bbox 285 3038 778 3112; baseline -0.01 -19"><span class='ocrx_word' id='word_1_222' title='bbox 285 3043 406 3112; x_wconf 83' lang='lat' dir='ltr'>inprimis</span> <span class='ocrx_word' id='word_1_223' title='bbox 420 3059 481 3092; x_wconf 87' lang='lat' dir='ltr'>cum</span> <span class='ocrx_word' id='word_1_224' title='bbox 496 3038 614 3108; x_wconf 86' lang='lat' dir='ltr'>Neptuni</span> <span class='ocrx_word' id='word_1_225' title='bbox 632 3055 681 3108; x_wconf 90' lang='lat' dir='ltr'>per</span> <span class='ocrx_word' id='word_1_226' title='bbox 707 3053 778 3088; x_wconf 85' lang='lat' dir='ltr'>mere</span> 
     </span>
     <span class='ocr_line' id='line_1_32' title="bbox 286 3115 779 3188; baseline -0.006 -18"><span class='ocrx_word' id='word_1_227' title='bbox 286 3120 401 3173; x_wconf 80' lang='lat' dir='ltr'>invectio</span> <span class='ocrx_word' id='word_1_228' title='bbox 414 3115 585 3188; x_wconf 84' lang='lat' dir='ltr'>tranquillum</span> <span class='ocrx_word' id='word_1_229' title='bbox 607 3133 679 3167; x_wconf 90' lang='lat' dir='ltr'>mere</span> <span class='ocrx_word' id='word_1_230' title='bbox 699 3128 724 3167; x_wconf 91' lang='lat' dir='ltr'>et</span> <span class='ocrx_word' id='word_1_231' title='bbox 740 3132 779 3167; x_wconf 90' lang='lat' dir='ltr'>se·</span> 
     </span>
     <span class='ocr_line' id='line_1_33' title="bbox 288 3197 781 3252; baseline -0.008 -2"><span class='ocrx_word' id='word_1_232' title='bbox 288 3217 381 3252; x_wconf 85' lang='lat' dir='ltr'>renum</span> <span class='ocrx_word' id='word_1_233' title='bbox 408 3198 501 3250; x_wconf 85' lang='lat' dir='ltr'>cseium</span> <span class='ocrx_word' id='word_1_234' title='bbox 521 3197 642 3248; x_wconf 82' lang='lat' dir='ltr'>effecisse</span> <span class='ocrx_word' id='word_1_235' title='bbox 663 3197 697 3246; x_wconf 86' lang='lat' dir='ltr'>sit</span> <span class='ocrx_word' id='word_1_236' title='bbox 720 3213 781 3246; x_wconf 87' lang='lat' dir='ltr'>nar-</span> 
     </span>
     <span class='ocr_line' id='line_1_34' title="bbox 288 3274 781 3347; baseline -0.012 -15"><span class='ocrx_word' id='word_1_237' title='bbox 288 3292 348 3332; x_wconf 78' lang='lat' dir='ltr'>reta</span> <span class='ocrx_word' id='word_1_238' title='bbox 381 3297 405 3330; x_wconf 84' lang='lat' dir='ltr'>v.</span> <span class='ocrx_word' id='word_1_239' title='bbox 437 3279 497 3332; x_wconf 76' lang='lat'>820.</span> <span class='ocrx_word' id='word_1_240' title='bbox 526 3277 585 3330; x_wconf 77' lang='lat'>821.</span> <span class='ocrx_word' id='word_1_241' title='bbox 616 3274 689 3327; x_wconf 89' lang='lat' dir='ltr'>Nihil</span> <span class='ocrx_word' id='word_1_242' title='bbox 715 3288 781 3347; x_wconf 89' lang='lat' dir='ltr'>puto</span> 
     </span>
     <span class='ocr_line' id='line_1_35' title="bbox 289 3358 782 3432; baseline -0.012 -17"><span class='ocrx_word' id='word_1_243' title='bbox 289 3362 363 3416; x_wconf 85' lang='lat' dir='ltr'>eliud</span> <span class='ocrx_word' id='word_1_244' title='bbox 377 3380 401 3413; x_wconf 85' lang='lat' dir='ltr'>v.</span> <span class='ocrx_word' id='word_1_245' title='bbox 415 3362 532 3432; x_wconf 77' lang='lat' dir='ltr'>829sqq.</span> <span class='ocrx_word' id='word_1_246' title='bbox 546 3358 689 3424; x_wconf 84' lang='lat' dir='ltr'>declarari,</span> <span class='ocrx_word' id='word_1_247' title='bbox 702 3377 782 3430; x_wconf 83' lang='lat' dir='ltr'>quem</span> 
     </span>
     <span class='ocr_line' id='line_1_36' title="bbox 288 3437 783 3509; baseline -0.01 -14"><span class='ocrx_word' id='word_1_248' title='bbox 288 3444 316 3496; x_wconf 89' lang='lat' dir='ltr'>in</span> <span class='ocrx_word' id='word_1_249' title='bbox 328 3459 430 3494; x_wconf 83' lang='lat' dir='ltr'>summa</span> <span class='ocrx_word' id='word_1_250' title='bbox 442 3442 521 3492; x_wconf 88' lang='lat' dir='ltr'>maris</span> <span class='ocrx_word' id='word_1_251' title='bbox 533 3437 642 3508; x_wconf 77' lang='lat' dir='ltr'>celique</span> <span class='ocrx_word' id='word_1_252' title='bbox 652 3438 783 3509; x_wconf 75' lang='lat' dir='ltr'>tranquil·</span> 
     </span>
     <span class='ocr_line' id='line_1_37' title="bbox 289 3518 783 3591; baseline -0.014 -15"><span class='ocrx_word' id='word_1_253' title='bbox 289 3523 363 3576; x_wconf 84' lang='lat' dir='ltr'>iitate</span> <span class='ocrx_word' id='word_1_254' title='bbox 375 3533 482 3575; x_wconf 84' lang='lat' dir='ltr'>ventum</span> <span class='ocrx_word' id='word_1_255' title='bbox 494 3523 549 3591; x_wconf 82' lang='lat' dir='ltr'>jam</span> <span class='ocrx_word' id='word_1_256' title='bbox 563 3532 623 3572; x_wconf 83' lang='lat' dir='ltr'>ente</span> <span class='ocrx_word' id='word_1_257' title='bbox 638 3518 783 3572; x_wconf 88' lang='lat' dir='ltr'>secundum</span> 
     </span>
     <span class='ocr_line' id='line_1_38' title="bbox 290 3601 783 3672; baseline -0.014 -16"><span class='ocrx_word' id='word_1_258' title='bbox 290 3605 466 3668; x_wconf 84' lang='lat' dir='ltr'>increbuisse,</span> <span class='ocrx_word' id='word_1_259' title='bbox 479 3619 564 3672; x_wconf 90' lang='lat' dir='ltr'>eoque</span> <span class='ocrx_word' id='word_1_260' title='bbox 578 3601 648 3651; x_wconf 82' lang='lat' dir='ltr'>iacto</span> <span class='ocrx_word' id='word_1_261' title='bbox 661 3617 732 3650; x_wconf 91' lang='lat' dir='ltr'>nunc</span> <span class='ocrx_word' id='word_1_262' title='bbox 741 3617 783 3650; x_wconf 91' lang='lat' dir='ltr'>so·</span> 
     </span>
     <span class='ocr_line' id='line_1_39' title="bbox 291 3681 783 3754; baseline -0.01 -22"><span class='ocrx_word' id='word_1_263' title='bbox 291 3682 323 3733; x_wconf 89' lang='lat' dir='ltr'>iis</span> <span class='ocrx_word' id='word_1_264' title='bbox 341 3682 406 3736; x_wconf 81' lang='lat' dir='ltr'>veiis</span> <span class='ocrx_word' id='word_1_265' title='bbox 425 3684 563 3754; x_wconf 77' lang='lat' dir='ltr'>navigasse</span> <span class='ocrx_word' id='word_1_266' title='bbox 575 3681 720 3748; x_wconf 72' lang='lat' dir='ltr'>Troianos,</span> <span class='ocrx_word' id='word_1_267' title='bbox 742 3697 783 3728; x_wconf 92' lang='lat' dir='ltr'>re-</span> 
     </span>
     <span class='ocr_line' id='line_1_40' title="bbox 291 3755 782 3831; baseline -0.01 -20"><span class='ocrx_word' id='word_1_268' title='bbox 291 3763 394 3831; x_wconf 81' lang='lat' dir='ltr'>misque</span> <span class='ocrx_word' id='word_1_269' title='bbox 415 3763 497 3811; x_wconf 91' lang='lat' dir='ltr'>otium</span> <span class='ocrx_word' id='word_1_270' title='bbox 520 3761 623 3812; x_wconf 79' lang='lat' dir='ltr'>fecisse.</span> <span class='ocrx_word' id='word_1_271' title='bbox 647 3760 739 3827; x_wconf 83' lang='lat' dir='ltr'>ltaque</span> <span class='ocrx_word' id='word_1_272' title='bbox 756 3755 782 3806; x_wconf 91' lang='lat' dir='ltr'>in</span> 
     </span>
     <span class='ocr_line' id='line_1_41' title="bbox 293 3835 784 3891; baseline -0.01 -1"><span class='ocrx_word' id='word_1_273' title='bbox 293 3839 415 3891; x_wconf 89' lang='lat' dir='ltr'>omnibus</span> <span class='ocrx_word' id='word_1_274' title='bbox 427 3841 539 3891; x_wconf 78' lang='lat' dir='ltr'>navibus</span> <span class='ocrx_word' id='word_1_275' title='bbox 552 3857 622 3890; x_wconf 88' lang='lat' dir='ltr'>nunc</span> <span class='ocrx_word' id='word_1_276' title='bbox 635 3837 698 3888; x_wconf 84' lang='lat' dir='ltr'>muli</span> <span class='ocrx_word' id='word_1_277' title='bbox 709 3835 784 3887; x_wconf 82' lang='lat' dir='ltr'>attol-</span> 
     </span>
    </p>
   </div>
   <div class='ocr_carea' id='block_1_8' title="bbox 821 1998 1348 3900">
    <p class='ocr_par' dir='ltr' id='par_1_8' title="bbox 821 1998 1348 3900">
     <span class='ocr_line' id='line_1_42' title="bbox 821 1998 1315 2071; baseline -0.028 -12"><span class='ocrx_word' id='word_1_278' title='bbox 821 2005 891 2059; x_wconf 80' lang='lat' dir='ltr'>meio</span> <span class='ocrx_word' id='word_1_279' title='bbox 898 2043 907 2071; x_wconf 95' lang='lat'>,</span> <span class='ocrx_word' id='word_1_280' title='bbox 917 2016 1058 2064; x_wconf 82' lang='lat' dir='ltr'>sntennes;</span> <span class='ocrx_word' id='word_1_281' title='bbox 1069 2013 1095 2053; x_wconf 90' lang='lat' dir='ltr'>et</span> <span class='ocrx_word' id='word_1_282' title='bbox 1107 1998 1240 2070; x_wconf 88' lang='lat' dir='ltr'>duplicem</span> <span class='ocrx_word' id='word_1_283' title='bbox 1249 2013 1315 2067; x_wconf 87' lang='lat' dir='ltr'>poe-</span> 
     </span>
     <span class='ocr_line' id='line_1_43' title="bbox 821 2081 1314 2140; baseline -0.034 1"><span class='ocrx_word' id='word_1_284' title='bbox 821 2101 853 2140; x_wconf 80' lang='lat' dir='ltr'>te</span> <span class='ocrx_word' id='word_1_285' title='bbox 868 2105 924 2140; x_wconf 87' lang='lat' dir='ltr'>esse</span> <span class='ocrx_word' id='word_1_286' title='bbox 941 2087 969 2138; x_wconf 91' lang='lat' dir='ltr'>in</span> <span class='ocrx_word' id='word_1_287' title='bbox 986 2083 1027 2135; x_wconf 87' lang='lat' dir='ltr'>bis</span> <span class='ocrx_word' id='word_1_288' title='bbox 1039 2081 1127 2134; x_wconf 80' lang='lat' dir='ltr'>verbis</span> <span class='ocrx_word' id='word_1_289' title='bbox 1139 2091 1314 2130; x_wconf 81' lang='lat' dir='ltr'>structuram:</span> 
     </span>
     <span class='ocr_line' id='line_1_44' title="bbox 821 2159 1316 2222; baseline -0.026 -4"><span class='ocrx_word' id='word_1_290' title='bbox 821 2164 879 2219; x_wconf 78' lang='lat' dir='ltr'>seia</span> <span class='ocrx_word' id='word_1_291' title='bbox 889 2166 1021 2216; x_wconf 78' lang='lat' dir='ltr'>intendere</span> <span class='ocrx_word' id='word_1_292' title='bbox 1028 2159 1164 2222; x_wconf 80' lang='lat' dir='ltr'>antennis,</span> <span class='ocrx_word' id='word_1_293' title='bbox 1176 2170 1215 2220; x_wconf 87' lang='lat' dir='ltr'>et,</span> <span class='ocrx_word' id='word_1_294' title='bbox 1223 2166 1316 2208; x_wconf 84' lang='lat' dir='ltr'>anten-</span> 
     </span>
     <span class='ocr_line' id='line_1_45' title="bbox 822 2239 1316 2304; baseline -0.028 -6"><span class='ocrx_word' id='word_1_295' title='bbox 822 2265 867 2298; x_wconf 82' lang='lat' dir='ltr'>nas</span> <span class='ocrx_word' id='word_1_296' title='bbox 885 2243 1016 2296; x_wconf 79' lang='lat' dir='ltr'>intendere</span> <span class='ocrx_word' id='word_1_297' title='bbox 1037 2239 1114 2304; x_wconf 79' lang='lat' dir='ltr'>veiis,</span> <span class='ocrx_word' id='word_1_298' title='bbox 1137 2239 1199 2288; x_wconf 84' lang='lat' dir='ltr'>setis</span> <span class='ocrx_word' id='word_1_299' title='bbox 1221 2248 1316 2287; x_wconf 85' lang='lat' dir='ltr'>notum</span> 
     </span>
     <span class='ocr_line' id='line_1_46' title="bbox 822 2315 1315 2386; baseline -0.024 -10"><span class='ocrx_word' id='word_1_300' title='bbox 822 2337 873 2386; x_wconf 69' lang='lat' dir='ltr'>est,</span> <span class='ocrx_word' id='word_1_301' title='bbox 886 2337 914 2374; x_wconf 89' lang='lat' dir='ltr'>ut</span> <span class='ocrx_word' id='word_1_302' title='bbox 923 2323 1006 2373; x_wconf 84' lang='lat' dir='ltr'>nolim</span> <span class='ocrx_word' id='word_1_303' title='bbox 1017 2320 1062 2371; x_wconf 92' lang='lat' dir='ltr'>hic</span> <span class='ocrx_word' id='word_1_304' title='bbox 1074 2317 1165 2383; x_wconf 81' lang='lat' dir='ltr'>turbes</span> <span class='ocrx_word' id='word_1_305' title='bbox 1176 2315 1270 2368; x_wconf 84' lang='lat' dir='ltr'>fectus.</span> <span class='ocrx_word' id='word_1_306' title='bbox 1280 2341 1315 2351; x_wconf 87' lang='lat'>--</span> 
     </span>
     <span class='ocr_line' id='line_1_47' title="bbox 823 2395 1348 2468; baseline -0.025 -13"><span class='ocrx_word' id='word_1_307' title='bbox 823 2404 883 2455; x_wconf 82' lang='lat'><strong>830.</strong></span> <span class='ocrx_word' id='word_1_308' title='bbox 911 2401 970 2454; x_wconf 83' lang='lat' dir='ltr'>Una</span> <span class='ocrx_word' id='word_1_309' title='bbox 995 2415 1082 2450; x_wconf 85' lang='lat' dir='ltr'>omnes</span> <span class='ocrx_word' id='word_1_310' title='bbox 1100 2395 1189 2468; x_wconf 85' lang='lat' dir='ltr'>fecere</span> <span class='ocrx_word' id='word_1_311' title='bbox 1213 2395 1315 2466; x_wconf 83' lang='lat' dir='ltr'>pedem.</span> <span class='ocrx_word' id='word_1_312' title='bbox 1346 2459 1348 2464; x_wconf 28' lang='grc' dir='ltr'>Ι</span> 
     </span>
     <span class='ocr_line' id='line_1_48' title="bbox 823 2471 1314 2554; baseline -0.022 -20"><span class='ocrx_word' id='word_1_313' title='bbox 823 2481 944 2554; x_wconf 88' lang='lat' dir='ltr'>Copiosis</span> <span class='ocrx_word' id='word_1_314' title='bbox 954 2483 1073 2531; x_wconf 89' lang='lat' dir='ltr'>virorum</span> <span class='ocrx_word' id='word_1_315' title='bbox 1089 2475 1228 2528; x_wconf 90' lang='lat' dir='ltr'>doctorum</span> <span class='ocrx_word' id='word_1_316' title='bbox 1242 2473 1276 2526; x_wconf 85' lang='lat' dir='ltr'>ed</span> <span class='ocrx_word' id='word_1_317' title='bbox 1287 2471 1314 2524; x_wconf 90' lang='lat' dir='ltr'>b.</span> 
     </span>
     <span class='ocr_line' id='line_1_49' title="bbox 825 2551 1318 2630; baseline -0.016 -19"><span class='ocrx_word' id='word_1_318' title='bbox 825 2560 857 2624; x_wconf 86' lang='lat' dir='ltr'>l.,</span> <span class='ocrx_word' id='word_1_319' title='bbox 876 2560 995 2630; x_wconf 81' lang='lat' dir='ltr'>inprimis</span> <span class='ocrx_word' id='word_1_320' title='bbox 1008 2555 1118 2620; x_wconf 89' lang='lat' dir='ltr'>Guellii,</span> <span class='ocrx_word' id='word_1_321' title='bbox 1138 2567 1163 2607; x_wconf 94' lang='lat' dir='ltr'>et</span> <span class='ocrx_word' id='word_1_322' title='bbox 1177 2553 1211 2605; x_wconf 84' lang='lat' dir='ltr'>sd</span> <span class='ocrx_word' id='word_1_323' title='bbox 1225 2551 1318 2605; x_wconf 86' lang='lat' dir='ltr'>Catul-</span> 
     </span>
     <span class='ocr_line' id='line_1_50' title="bbox 825 2633 1318 2705; baseline -0.018 -14"><span class='ocrx_word' id='word_1_324' title='bbox 825 2640 893 2705; x_wconf 89' lang='lat' dir='ltr'>lum,</span> <span class='ocrx_word' id='word_1_325' title='bbox 908 2640 1054 2690; x_wconf 83' lang='lat' dir='ltr'>Luciunum</span> <span class='ocrx_word' id='word_1_326' title='bbox 1070 2648 1096 2687; x_wconf 89' lang='lat' dir='ltr'>et</span> <span class='ocrx_word' id='word_1_327' title='bbox 1108 2633 1142 2687; x_wconf 84' lang='lat' dir='ltr'>el.</span> <span class='ocrx_word' id='word_1_328' title='bbox 1157 2633 1318 2704; x_wconf 86' lang='lat' dir='ltr'>disputatio-</span> 
     </span>
     <span class='ocr_line' id='line_1_51' title="bbox 825 2713 1320 2790; baseline -0.014 -20"><span class='ocrx_word' id='word_1_329' title='bbox 825 2718 904 2770; x_wconf 89' lang='lat' dir='ltr'>nibus</span> <span class='ocrx_word' id='word_1_330' title='bbox 921 2720 1020 2790; x_wconf 60' lang='lat' dir='ltr'>agitate</span> <span class='ocrx_word' id='word_1_331' title='bbox 1036 2715 1126 2768; x_wconf 89' lang='lat' dir='ltr'>dictio.</span> <span class='ocrx_word' id='word_1_332' title='bbox 1139 2716 1217 2766; x_wconf 86' lang='lat' dir='ltr'>Nunc</span> <span class='ocrx_word' id='word_1_333' title='bbox 1228 2713 1320 2784; x_wconf 71' lang='lat' dir='ltr'>vidge-</span> 
     </span>
     <span class='ocr_line' id='line_1_52' title="bbox 826 2796 1320 2853; baseline -0.02 0"><span class='ocrx_word' id='word_1_334' title='bbox 826 2803 862 2852; x_wconf 86' lang='lat' dir='ltr'>ris</span> <span class='ocrx_word' id='word_1_335' title='bbox 875 2799 970 2853; x_wconf 77' lang='lat' dir='ltr'>ostilia</span> <span class='ocrx_word' id='word_1_336' title='bbox 982 2797 1133 2850; x_wconf 83' lang='lat' dir='ltr'>observatio</span> <span class='ocrx_word' id='word_1_337' title='bbox 1145 2808 1171 2846; x_wconf 89' lang='lat' dir='ltr'>et</span> <span class='ocrx_word' id='word_1_338' title='bbox 1183 2796 1246 2846; x_wconf 88' lang='lat' dir='ltr'>setis</span> <span class='ocrx_word' id='word_1_339' title='bbox 1258 2811 1320 2845; x_wconf 88' lang='lat' dir='ltr'>con·</span> 
     </span>
     <span class='ocr_line' id='line_1_53' title="bbox 827 2870 1319 2952; baseline -0.018 -20"><span class='ocrx_word' id='word_1_340' title='bbox 827 2893 892 2948; x_wconf 86' lang='lat' dir='ltr'>stat,</span> <span class='ocrx_word' id='word_1_341' title='bbox 916 2881 992 2952; x_wconf 79' lang='lat' dir='ltr'>pedes</span> <span class='ocrx_word' id='word_1_342' title='bbox 1014 2890 1040 2930; x_wconf 92' lang='lat' dir='ltr'>et</span> <span class='ocrx_word' id='word_1_343' title='bbox 1068 2877 1113 2928; x_wconf 86' lang='lat' dir='ltr'>Gr.</span> <span class='ocrx_word' id='word_1_344' title='bbox 1137 2870 1211 2930; x_wconf 63' lang='lat' dir='ltr'>eride:</span> <span class='ocrx_word' id='word_1_345' title='bbox 1231 2874 1319 2925; x_wconf 79' lang='lat' dir='ltr'>nautis</span> 
     </span>
     <span class='ocr_line' id='line_1_54' title="bbox 826 2955 1320 3026; baseline -0.016 -14"><span class='ocrx_word' id='word_1_346' title='bbox 826 2960 912 3013; x_wconf 89' lang='lat' dir='ltr'>dictos</span> <span class='ocrx_word' id='word_1_347' title='bbox 937 2962 1027 3022; x_wconf 83' lang='lat' dir='ltr'>funes,</span> <span class='ocrx_word' id='word_1_348' title='bbox 1057 2956 1152 3026; x_wconf 89' lang='lat' dir='ltr'>quibus</span> <span class='ocrx_word' id='word_1_349' title='bbox 1180 2955 1320 3006; x_wconf 83' lang='lat' dir='ltr'>inferiores</span> 
     </span>
     <span class='ocr_line' id='line_1_55' title="bbox 826 3032 1321 3112; baseline -0.018 -20"><span class='ocrx_word' id='word_1_350' title='bbox 826 3041 878 3093; x_wconf 87' lang='lat' dir='ltr'>veli</span> <span class='ocrx_word' id='word_1_351' title='bbox 891 3040 995 3112; x_wconf 68' lang='lat' dir='ltr'>anguli,</span> <span class='ocrx_word' id='word_1_352' title='bbox 1005 3041 1075 3090; x_wconf 80' lang='lat' dir='ltr'>forte</span> <span class='ocrx_word' id='word_1_353' title='bbox 1088 3049 1114 3089; x_wconf 92' lang='lat' dir='ltr'>et</span> <span class='ocrx_word' id='word_1_354' title='bbox 1125 3037 1176 3106; x_wconf 85' lang='lat' dir='ltr'>ipsi</span> <span class='ocrx_word' id='word_1_355' title='bbox 1188 3032 1321 3087; x_wconf 74' lang='lat' dir='ltr'>interdum</span> 
     </span>
     <span class='ocr_line' id='line_1_56' title="bbox 826 3115 1321 3195; baseline -0.018 -23"><span class='ocrx_word' id='word_1_356' title='bbox 826 3121 923 3195; x_wconf 82' lang='lat' dir='ltr'>pedum</span> <span class='ocrx_word' id='word_1_357' title='bbox 935 3120 1041 3171; x_wconf 87' lang='lat' dir='ltr'>nomine</span> <span class='ocrx_word' id='word_1_358' title='bbox 1051 3115 1197 3179; x_wconf 77' lang='lat' dir='ltr'>declarati,</span> <span class='ocrx_word' id='word_1_359' title='bbox 1208 3115 1321 3185; x_wconf 86' lang='lat' dir='ltr'>puppim</span> 
     </span>
     <span class='ocr_line' id='line_1_57' title="bbox 831 3195 1322 3264; baseline -0.018 -12"><span class='ocrx_word' id='word_1_360' title='bbox 831 3219 919 3253; x_wconf 82' lang='lat' dir='ltr'>versus</span> <span class='ocrx_word' id='word_1_361' title='bbox 935 3199 1116 3258; x_wconf 77' lang='lat' dir='ltr'>adducuntur-3</span> <span class='ocrx_word' id='word_1_362' title='bbox 1129 3208 1155 3248; x_wconf 90' lang='lat' dir='ltr'>et</span> <span class='ocrx_word' id='word_1_363' title='bbox 1169 3208 1247 3247; x_wconf 83' lang='lat' dir='ltr'>vento</span> <span class='ocrx_word' id='word_1_364' title='bbox 1262 3195 1322 3264; x_wconf 88' lang='lat' dir='ltr'>qui·</span> 
     </span>
     <span class='ocr_line' id='line_1_58' title="bbox 830 3271 1322 3347; baseline -0.02 -14"><span class='ocrx_word' id='word_1_365' title='bbox 830 3280 890 3333; x_wconf 92' lang='lat' dir='ltr'>dem</span> <span class='ocrx_word' id='word_1_366' title='bbox 898 3278 1015 3332; x_wconf 88' lang='lat' dir='ltr'>secundo</span> <span class='ocrx_word' id='word_1_367' title='bbox 1028 3297 1043 3328; x_wconf 84' lang='lat' dir='ltr'>e</span> <span class='ocrx_word' id='word_1_368' title='bbox 1051 3277 1135 3347; x_wconf 89' lang='lat' dir='ltr'>puppi</span> <span class='ocrx_word' id='word_1_369' title='bbox 1145 3277 1276 3344; x_wconf 79' lang='lat' dir='ltr'>spirante,</span> <span class='ocrx_word' id='word_1_370' title='bbox 1287 3271 1322 3324; x_wconf 83' lang='lat' dir='ltr'>ed</span> 
     </span>
     <span class='ocr_line' id='line_1_59' title="bbox 830 3352 1324 3431; baseline -0.016 -19"><span class='ocrx_word' id='word_1_371' title='bbox 830 3373 972 3431; x_wconf 88' lang='lat' dir='ltr'>utrumque</span> <span class='ocrx_word' id='word_1_372' title='bbox 990 3358 1059 3409; x_wconf 84' lang='lat' dir='ltr'>letus</span> <span class='ocrx_word' id='word_1_373' title='bbox 1079 3352 1201 3418; x_wconf 78' lang='lat' dir='ltr'>adducti,</span> <span class='ocrx_word' id='word_1_374' title='bbox 1212 3352 1272 3404; x_wconf 81' lang='lat' dir='ltr'>veie</span> <span class='ocrx_word' id='word_1_375' title='bbox 1289 3352 1324 3404; x_wconf 88' lang='lat' dir='ltr'>ad</span> 
     </span>
     <span class='ocr_line' id='line_1_60' title="bbox 830 3431 1324 3505; baseline -0.014 -15"><span class='ocrx_word' id='word_1_376' title='bbox 830 3453 939 3492; x_wconf 77' lang='lat' dir='ltr'>ventum</span> <span class='ocrx_word' id='word_1_377' title='bbox 953 3431 1136 3505; x_wconf 84' lang='lat' dir='ltr'>excipiendum</span> <span class='ocrx_word' id='word_1_378' title='bbox 1148 3432 1303 3502; x_wconf 82' lang='lat' dir='ltr'>expendunt</span> <span class='ocrx_word' id='word_1_379' title='bbox 1315 3471 1324 3500; x_wconf 85' lang='lat'>,</span> 
     </span>
     <span class='ocr_line' id='line_1_61' title="bbox 831 3511 1325 3588; baseline -0.018 -18"><span class='ocrx_word' id='word_1_380' title='bbox 831 3532 860 3570; x_wconf 91' lang='lat' dir='ltr'>ut</span> <span class='ocrx_word' id='word_1_381' title='bbox 873 3530 982 3588; x_wconf 81' lang='lat' dir='ltr'>utroque</span> <span class='ocrx_word' id='word_1_382' title='bbox 991 3511 1058 3584; x_wconf 82' lang='lat' dir='ltr'>pede</span> <span class='ocrx_word' id='word_1_383' title='bbox 1073 3529 1178 3563; x_wconf 87' lang='lat' dir='ltr'>currere</span> <span class='ocrx_word' id='word_1_384' title='bbox 1191 3511 1325 3565; x_wconf 89' lang='lat' dir='ltr'>diceretur</span> 
     </span>
     <span class='ocr_line' id='line_1_62' title="bbox 831 3590 1323 3662; baseline -0.01 -13"><span class='ocrx_word' id='word_1_385' title='bbox 831 3599 921 3655; x_wconf 75' lang='lat' dir='ltr'>navis3</span> <span class='ocrx_word' id='word_1_386' title='bbox 935 3596 972 3644; x_wconf 88' lang='lat' dir='ltr'>sie</span> <span class='ocrx_word' id='word_1_387' title='bbox 984 3603 1010 3643; x_wconf 84' lang='lat' dir='ltr'>et</span> <span class='ocrx_word' id='word_1_388' title='bbox 1022 3609 1064 3660; x_wconf 82' lang='lat' dir='ltr'>ap.</span> <span class='ocrx_word' id='word_1_389' title='bbox 1078 3590 1203 3662; x_wconf 80' lang='lat' dir='ltr'>Apellen.</span> <span class='ocrx_word' id='word_1_390' title='bbox 1216 3595 1253 3656; x_wconf 90' lang='lat'>11,</span> <span class='ocrx_word' id='word_1_391' title='bbox 1271 3591 1323 3662; x_wconf 82' lang='lat'>93²</span> 
     </span>
     <span class='ocr_line' id='line_1_63' title="bbox 831 3665 1325 3738; baseline -0.012 -12"><span class='ocrx_word' id='word_1_392' title='bbox 831 3676 917 3727; x_wconf 88' lang='lat' dir='ltr'>velum</span> <span class='ocrx_word' id='word_1_393' title='bbox 932 3671 953 3726; x_wconf 81' lang='lat' dir='ltr'>is</span> <span class='ocrx_word' id='word_1_394' title='bbox 969 3665 1043 3724; x_wconf 60' lang='lat' dir='ltr'>nider</span> <span class='ocrx_word' id='word_1_395' title='bbox 1057 3667 1198 3738; x_wconf 53' lang='lat' dir='ltr'>&amp;nominee</span> <span class='ocrx_word' id='word_1_396' title='bbox 1210 3669 1325 3722; x_wconf 87' lang='lat' dir='ltr'>intendi·</span> 
     </span>
     <span class='ocr_line' id='line_1_64' title="bbox 832 3749 1324 3815; baseline -0.016 -11"><span class='ocrx_word' id='word_1_397' title='bbox 832 3767 887 3811; x_wconf 88' lang='lat' dir='ltr'>tur;</span> <span class='ocrx_word' id='word_1_398' title='bbox 912 3751 952 3800; x_wconf 93' lang='lat' dir='ltr'>sin</span> <span class='ocrx_word' id='word_1_399' title='bbox 976 3763 1084 3815; x_wconf 79' lang='lat' dir='ltr'>ventus,</span> <span class='ocrx_word' id='word_1_400' title='bbox 1108 3753 1157 3804; x_wconf 79' lang='lat' dir='ltr'>etsi</span> <span class='ocrx_word' id='word_1_401' title='bbox 1178 3749 1324 3812; x_wconf 78' lang='lat' dir='ltr'>secundus,</span> 
     </span>
     <span class='ocr_line' id='line_1_65' title="bbox 833 3830 1325 3900; baseline -0.002 -16"><span class='ocrx_word' id='word_1_402' title='bbox 833 3831 956 3900; x_wconf 88' lang='lat' dir='ltr'>obliquus</span> <span class='ocrx_word' id='word_1_403' title='bbox 968 3843 1056 3883; x_wconf 86' lang='lat' dir='ltr'>temen</span> <span class='ocrx_word' id='word_1_404' title='bbox 1065 3843 1147 3896; x_wconf 84' lang='lat' dir='ltr'>esset,</span> <span class='ocrx_word' id='word_1_405' title='bbox 1160 3831 1201 3882; x_wconf 85' lang='lat' dir='ltr'>vel</span> <span class='ocrx_word' id='word_1_406' title='bbox 1216 3830 1296 3882; x_wconf 90' lang='lat' dir='ltr'>modo</span> <span class='ocrx_word' id='word_1_407' title='bbox 1309 3849 1325 3883; x_wconf 83' lang='lat' dir='ltr'>e</span> 
     </span>
    </p>
   </div>
   <div class='ocr_carea' id='block_1_9' title="bbox 292 3909 1326 4142">
    <p class='ocr_par' dir='ltr' id='par_1_9' title="bbox 292 3909 1326 4142">
     <span class='ocr_line' id='line_1_66' title="bbox 292 3909 1325 3983; baseline -0.011 -12"><span class='ocrx_word' id='word_1_408' title='bbox 292 3919 396 3983; x_wconf 88' lang='lat' dir='ltr'>luntur,</span> <span class='ocrx_word' id='word_1_409' title='bbox 412 3919 472 3970; x_wconf 83' lang='lat' dir='ltr'>veie</span> <span class='ocrx_word' id='word_1_410' title='bbox 482 3918 662 3970; x_wconf 88' lang='lat' dir='ltr'>intenduntur.</span> <span class='ocrx_word' id='word_1_411' title='bbox 685 3913 785 3966; x_wconf 84' lang='lat' dir='ltr'>intendi</span> <span class='ocrx_word' id='word_1_412' title='bbox 833 3912 938 3976; x_wconf 81' lang='lat' dir='ltr'>dextre,</span> <span class='ocrx_word' id='word_1_413' title='bbox 955 3909 1035 3962; x_wconf 88' lang='lat' dir='ltr'>modo</span> <span class='ocrx_word' id='word_1_414' title='bbox 1048 3931 1065 3964; x_wconf 84' lang='lat' dir='ltr'>s</span> <span class='ocrx_word' id='word_1_415' title='bbox 1078 3913 1184 3964; x_wconf 86' lang='lat' dir='ltr'>sinistre</span> <span class='ocrx_word' id='word_1_416' title='bbox 1196 3913 1325 3982; x_wconf 85' lang='lat' dir='ltr'>spiraret,</span> 
     </span>
     <span class='ocr_line' id='line_1_67' title="bbox 293 3992 1326 4066; baseline -0.01 -16"><span class='ocrx_word' id='word_1_417' title='bbox 293 3999 400 4050; x_wconf 69' lang='lat' dir='ltr'>brachio</span> <span class='ocrx_word' id='word_1_418' title='bbox 412 3997 489 4063; x_wconf 83' lang='lat' dir='ltr'>uelis,</span> <span class='ocrx_word' id='word_1_419' title='bbox 510 3997 543 4051; x_wconf 89' lang='lat' dir='ltr'>de</span> <span class='ocrx_word' id='word_1_420' title='bbox 556 3999 675 4050; x_wconf 78' lang='lat' dir='ltr'>antennis</span> <span class='ocrx_word' id='word_1_421' title='bbox 688 3998 730 4066; x_wconf 73' lang='lat' dir='ltr'>egi</span> <span class='ocrx_word' id='word_1_422' title='bbox 743 3993 785 4046; x_wconf 87' lang='lat' dir='ltr'>vel</span> <span class='ocrx_word' id='word_1_423' title='bbox 834 4010 887 4043; x_wconf 83' lang='lat' dir='ltr'>uno</span> <span class='ocrx_word' id='word_1_424' title='bbox 897 3992 962 4064; x_wconf 84' lang='lat' dir='ltr'>pede</span> <span class='ocrx_word' id='word_1_425' title='bbox 973 4009 1019 4046; x_wconf 88' lang='lat' dir='ltr'>seu</span> <span class='ocrx_word' id='word_1_426' title='bbox 1037 3993 1100 4044; x_wconf 84' lang='lat' dir='ltr'>fune</span> <span class='ocrx_word' id='word_1_427' title='bbox 1112 3994 1227 4056; x_wconf 84' lang='lat' dir='ltr'>intento,</span> <span class='ocrx_word' id='word_1_428' title='bbox 1245 4007 1326 4064; x_wconf 70' lang='lat' dir='ltr'>sngu-</span> 
     </span>
     <span class='ocr_line' id='line_1_68' title="bbox 294 4070 1326 4142; baseline -0.007 -12"><span class='ocrx_word' id='word_1_429' title='bbox 294 4096 326 4130; x_wconf 66' lang='grc' dir='ltr'>εκ</span> <span class='ocrx_word' id='word_1_430' title='bbox 345 4077 404 4132; x_wconf 81' lang='lat' dir='ltr'>val.</span> <span class='ocrx_word' id='word_1_431' title='bbox 427 4077 516 4131; x_wconf 76' lang='lat' dir='ltr'>Flacci</span> <span class='ocrx_word' id='word_1_432' title='bbox 534 4079 681 4130; x_wconf 80' lang='lat' dir='ltr'>imitatione</span> <span class='ocrx_word' id='word_1_433' title='bbox 699 4075 744 4128; x_wconf 87' lang='lat' dir='ltr'>lib.</span> <span class='ocrx_word' id='word_1_434' title='bbox 757 4076 786 4142; x_wconf 90' lang='lat'>1,</span> <span class='ocrx_word' id='word_1_435' title='bbox 834 4073 890 4128; x_wconf 84' lang='lat' dir='ltr'>lum</span> <span class='ocrx_word' id='word_1_436' title='bbox 899 4073 951 4130; x_wconf 82' lang='lat' dir='ltr'>veli</span> <span class='ocrx_word' id='word_1_437' title='bbox 962 4075 1115 4130; x_wconf 80' lang='lat' dir='ltr'>interiorem</span> <span class='ocrx_word' id='word_1_438' title='bbox 1125 4071 1206 4127; x_wconf 77' lang='lat' dir='ltr'>modo</span> <span class='ocrx_word' id='word_1_439' title='bbox 1217 4073 1250 4126; x_wconf 76' lang='lat' dir='ltr'>ub</span> <span class='ocrx_word' id='word_1_440' title='bbox 1259 4070 1326 4135; x_wconf 77' lang='lat' dir='ltr'>bac,</span> 
     </span>
    </p>
   </div>
   <div class='ocr_carea' id='block_1_10' title="bbox 0 0 1524 4694">
    <p class='ocr_par' dir='ltr' id='par_1_10' title="bbox 0 0 1524 4694">
     <span class='ocr_line' id='line_1_69' title="bbox 0 0 1524 4694; baseline 0 0"><span class='ocrx_word' id='word_1_441' title='bbox 0 0 1524 4694; x_wconf 95' lang='lat' dir='ltr'> </span> 
     </span>
    </p>
   </div>
  </div>
 </body>
</html>
