3022 4682
467 387 702 458 AENEIDOS
727 387 881 452 LIBER
903 385 967 450 Vl.

1178 409 1236 476 191

195 521 327 585 Dixerat
338 519 512 598 Anchisem
525 535 720 604 natumque,
735 536 868 603 unaque
881 511 1035 602 Sibyllam

196 629 385 692 Conventus
398 625 497 691 trahit
509 626 543 688 iu
556 621 698 699 medios,
713 621 912 710 turbamque
924 635 1111 699 sonantem;

196 735 238 796 Et
249 732 413 796 tumulum
425 732 527 819 capit,
541 728 631 794 unde
644 727 751 792 omnis
764 726 865 813 longo
878 723 995 790 ordine
1008 725 1112 812 possit

197 838 360 904 Adversos
373 840 498 928 legere,
513 853 546 902 et
558 836 750 899 venientum
764 833 890 898 discere
902 832 1022 896 voltus.
1198 845 1242 908 755

242 973 255 1002 a
268 946 362 1009 Nunc
373 966 447 1032 age,
462 941 661 1008 Dardaniam
673 939 800 1027 prolem
814 961 888 1028 quae
901 937 1024 1002 deiude
1036 956 1196 1028 sequatur

200 1050 326 1127 Gloria,
340 1049 396 1139 qui
409 1065 563 1114 maneant
576 1046 656 1112 Itala
668 1046 710 1111 de
722 1062 820 1133 gente
834 1061 986 1132 nepotes,

200 1155 351 1220 Inlustris
364 1156 502 1234 animas,
517 1170 734 1242 nostrumque
747 1153 780 1214 in
794 1173 917 1214 nomen
929 1151 1044 1230 ituras,

203 1261 384 1350 Expediam
398 1261 507 1339 dictis,
522 1278 554 1325 et
567 1277 599 1325 te
611 1279 667 1325 tua
681 1261 746 1325 fata
758 1258 897 1339 docebo.

243 1367 317 1447 llle,
330 1365 437 1444 vides,
452 1390 533 1456 pura
541 1367 673 1457 juvenis
686 1365 743 1455 qui
756 1366 871 1429 nititur
883 1365 989 1444 hasta,
1197 1379 1242 1442 7⁶⁰

232 1534 283 1598 754.
290 1543 366 1596 posset
376 1533 443 1581 multi
456 1537 515 1580 Pier.
525 1536 593 1581 etiarn
601 1535 666 1580 llam.
676 1547 698 1580 et
706 1536 785 1580 Heius.
796 1551 848 1580 cum
859 1535 961 1589 Medic„
971 1533 1100 1596 sedlragtn.
1110 1533 1185 1580 Vatic.
1193 1551 1248 1598 pns-

201 1606 238 1650 slt.
248 1605 315 1667 Apud
324 1606 423 1650 Nonium
431 1613 529 1666 possent.
538 1603 643 1650 Parrhas.
651 1613 727 1666 posset
732 1604 809 1650 ordine
816 1605 995 1666 circum-755.
1004 1603 1118 1650 Adversas
1126 1605 1249 1662 Montalb,

201 1675 257 1719 dum
271 1674 427 1736 interpolator
443 1677 529 1719 animas
546 1675 669 1735 rogitabat.
687 1676 795 1720 aduersus
808 1675 889 1735 lraqm.
902 1675 977 1720 Vatia.
989 1688 1109 1736 poscerev.
1121 1675 1158 1720 ed.
1173 1675 1250 1730 Vem,

200 1741 266 1790 male.
277 1744 361 1788 discere
371 1757 404 1790 cst
416 1759 564 1806 cognoscere.
576 1742 663 1790 vultum
673 1745 762 1791 Zalich.
770 1771 800 1780 -
809 1745 861 1808 758.
871 1754 894 1790 et
905 1753 1006 1790 matrum
1015 1759 1094 1790 nomeu
1105 1761 1150 1790 sec.
1162 1745 1246 1791 hloret.

201 1817 271 1862 iturus
280 1816 338 1862 alter
346 1816 427 1861 llamb.
437 1841 469 1852 -
480 1817 532 1879 760.
543 1815 598 1872 ttte,
607 1817 676 1862 vides.
692 1819 769 1864 Potest
779 1833 874 1881 quoque
886 1816 955 1863 scribi
965 1833 970 1862 :
979 1814 1033 1872 ttte,
1045 1817 1105 1862 vides
1113 1818 1153 1880 ?p.
1159 1821 1249 1881 juvenis

238 1955 286 2026 75²
301 1975 359 2028 sqq.
373 1957 412 2011 De
427 1959 535 2010 invento
547 1958 626 2027 hujus
639 1959 699 2010 ani-

202 2039 700 2108 marum,quaeinnovacorporatrans·

202 2115 274 2167 iturae
293 2130 368 2182 suut,
390 2135 513 2170 recensus
536 2116 570 2168 ad
595 2119 700 2167 futura·

202 2211 260 2245 rum
280 2207 386 2246 artatum
402 2215 444 2247 res
463 2194 634 2266 exponendas
645 2194 699 2245 vid,

202 2273 309 2325 Excurs.
324 2273 397 2326 adh.
412 2275 429 2325 l.
443 2293 505 2325 num
519 2273 570 2324 illa
582 2275 634 2324 sint
646 2275 701 2344 pri-

203 2373 247 2406 ma
257 2357 314 2408 vice
328 2375 442 2428 corpora
452 2355 593 2418 subiturae,
604 2373 637 2406 an
645 2357 700 2424 jam

204 2448 263 2486 ante
275 2439 400 2502 vixerint,
411 2455 536 2507 nuncque
547 2438 574 2486 in
587 2453 702 2506 corpora

203 2513 324 2566 rediturae
337 2519 402 2580 sint,
413 2535 466 2568 non
477 2516 574 2568 diserte
584 2533 703 2586 pronun·

204 2595 266 2656 tint,
286 2615 375 2648 verum
392 2615 424 2650 ex
436 2595 488 2648 hoc
501 2597 585 2648 alteru
598 2613 642 2648 eas
661 2611 703 2666 gc·

204 2693 268 2728 nere
288 2695 359 2743 esse,
383 2697 414 2730 ex
435 2689 496 2729 ante
517 2677 595 2728 dictis
617 2676 651 2727 ab
670 2693 702 2726 eo

204 2754 346 2826 colligitur.
360 2787 394 2796 -
407 2757 457 2826 7⁵²
472 2787 504 2796 -
518 2755 578 2826 755.
602 2757 702 2808 Ornata

204 2835 317 2904 singula.
341 2847 482 2888 corruentes
505 2837 532 2887 in
556 2835 653 2886 medios
675 2835 702 2885 in

205 2913 319 2964 mediam
343 2916 457 2967 turham.
486 2926 644 2980 sonantem,
670 2913 703 2964 de

206 2993 331 3061 strepitu,
344 3011 375 3043 ex
384 2993 436 3043 Od.
453 3014 483 3053 n,
498 2993 514 3044 5
524 2991 565 3044 ‘rei
577 2994 601 3044 tt
617 2993 705 3060 epifan-

208 3089 247 3120 eei
260 3067 347 3122 irrorat.
359 3073 393 3122 cl.
404 3073 494 3122 Horat.
506 3073 515 3124 l
527 3072 608 3123 Serui.
620 3073 650 3134 8,
662 3072 704 3138 41,

208 3161 234 3201 et
248 3165 306 3218 sup.
326 3167 351 3198 v.
370 3165 419 3218 7⁰7
437 3167 476 3219 sq.
496 3151 611 3200 aduersos
629 3164 706 3202 ornat

208 3227 354 3297 epitheton.
373 3227 476 3279 Scilicet
494 3247 525 3279 ert
542 3233 653 3279 adverso
667 3231 707 3279 in-

209 3305 332 3360 cedentes
352 3309 452 3358 animus
473 3304 550 3379 lepit,
573 3321 706 3372 recenset,

209 3389 353 3458 cognoscit.

246 3466 297 3536 756
304 3498 332 3506 -
342 3465 400 3536 759.
409 3467 547 3518 Enarrabo
556 3466 628 3518 clara
636 3469 707 3520 facta

747 1957 875 2010 Anchises
884 1958 939 2010 hec
952 1975 1093 2028 exponere,
1106 1971 1131 2009 et
1145 1961 1249 2011 futuras

749 2057 790 2090 res
799 2040 944 2109 praedicere
954 2051 1054 2108 potest,
1067 2038 1100 2089 ad
1111 2038 1251 2093 divinandi

750 2135 844 2168 munus
853 2119 981 2188 pertinet,
990 2116 1062 2186 quod
1070 2116 1114 2168 ille
1123 2136 1139 2166 a
1146 2119 1250 2170 Venere

750 2207 898 2266 acceperat.
909 2194 963 2245 rid.
980 2212 1038 2265 sup.
1053 2194 1183 2246 adlib.11
1196 2198 1250 2248 Ex-

751 2293 819 2324 curs.
833 2275 918 2338 XVll,
939 2273 986 2324 ubi
1004 2272 1038 2324 de
1056 2272 1170 2324 Anchise
1193 2277 1250 2346 agi·

751 2366 802 2404 tur.
830 2353 955 2406 Ceterum
978 2371 1009 2404 ex
1034 2351 1160 2404 Seruiana
1186 2367 1252 2406 nota

752 2431 808 2485 huc
830 2451 1017 2504 apponemus:
1041 2433 1170 2498 «Cetera,
1192 2451 1252 2505 quoe

753 2513 796 2565 ltic
810 2514 953 2565 intermissa
965 2523 1041 2577 sunt,
1055 2513 1083 2564 in
1096 2514 1252 2580 desideruis

751 2604 968 2645 commemorat.»
998 2591 1008 2662 (
1029 2593 1075 2644 lib.
1101 2595 1174 2658 vttt,
1198 2595 1250 2648 628

752 2692 842 2745 seqq,
855 2687 880 2725 ct
892 2673 943 2725 hac
953 2673 986 2725 de
999 2691 1093 2725 caussa
1106 2674 1189 2727 multa
1201 2677 1253 2726 uti-

753 2772 804 2825 que
819 2766 904 2824 poetae
917 2755 944 2804 in
956 2752 1008 2804 hoc
1021 2772 1130 2805 recensu
1141 2769 1253 2824 practer-

752 2833 882 2886 mittenda
896 2834 984 2897 luere,
1004 2851 1037 2884 ne
1050 2833 1089 2884 bis
1103 2835 1195 2886 eadem
1209 2838 1252 2887 al-

752 2914 863 2984 ferrct).
892 2913 961 2964 uude
982 2915 1060 2963 etiam
1084 2913 1110 2964 in
1135 2916 1254 2988 antiquis

755 2993 916 3055 invenimur,
937 3010 1001 3063 opus
1020 2991 1068 3041 hoc
1088 2991 1254 3062 appellatum

754 3091 804 3124 esse
817 3091 870 3123 uon
889 3070 1039 3130 AEneidem3
1052 3070 1096 3120 sed
1110 3070 1190 3123 Gesta
1204 3091 1255 3141 po·

755 3152 811 3222 puli
824 3151 948 3210 nomana
962 3150 1033 3221 quod
1045 3149 1101 3200 ideo
1121 3161 1254 3204 mutatum

755 3243 808 3296 est,
821 3231 885 3304 quio
903 3249 997 3282 nomen
1014 3249 1066 3280 reon
1081 3251 1095 3278 a
1106 3241 1198 3300 parte,
1211 3231 1256 3282 sed

756 3332 772 3361 a
786 3322 837 3362 toto
854 3312 927 3362 debet
945 3309 1011 3361 dari.
1032 3311 1115 3361 Fuere
1137 3310 1205 3361 aden
1227 3313 1254 3365 in

756 3406 827 3443 sacta
840 3410 948 3456 eorum,
966 3393 1010 3461 qui
1024 3391 1050 3440 in
1063 3389 1190 3442 honorem
1204 3409 1256 3442 no-

757 3473 833 3523 minis
856 3472 969 3522 Romani
997 3487 1102 3520 carmen
1128 3471 1256 3540 scriptum

209 3560 235 3600 et
247 3547 302 3598 fatu
313 3560 479 3617 posterorum
491 3560 607 3598 luorum·
627 3565 707 3618 nepo·
758 3551 917 3617 narrabant,
930 3550 1051 3601 nonnulli
1070 3551 1151 3620 apice²
1169 3553 1255 3622 poeti-

210 3639 245 3680 tes
261 3659 295 3668 -
313 3629 415 3680 animas
439 3657 471 3667 -
496 3626 636 3680 enarrabo.
661 3626 709 3698 qui
758 3627 1148 3700 castamiqnari,uthisturiae
1160 3633 1257 3683 Rorna-

210 3720 350 3771 maneant,
366 3708 522 3778 expectandi
545 3711 609 3772 siut,
630 3725 709 3777 aepo-
757 3730 797 3762 nm
817 3727 913 3780 corpus
933 3707 1042 3779 aliquod
1062 3709 1088 3759 iu
1108 3729 1139 3761 eo
1153 3729 1257 3782 quare-

212 3799 246 3840 tes
259 3787 327 3838 Itala
342 3789 373 3838 de
386 3799 478 3860 pente,
494 3787 527 3838 de
541 3807 610 3839 nova
626 3791 708 3858 stirpe
758 3801 824 3841 rent.

212 3870 239 3918 in
256 3867 330 3918 Latio
349 3887 380 3918 ex
402 3868 510 3918 Lavinia
530 3869 707 3938 suscipienda.
795 3871 846 3938 760
858 3899 892 3907 -
905 3869 965 3938 766.
985 3869 1055 3922 Gens
1074 3869 1144 3922 Julia
1161 3871 1195 3924 ab
1207 3873 1257 3925 As·

213 3948 366 3998 nostrumin
380 3946 579 4012 numerabatur,
595 3965 642 4018 pto
655 3949 711 4000 vul·
760 3950 837 4000 eunio
858 3965 904 4000 seu
925 3947 982 4000 Iulo
1005 3949 1097 4016 ducta,
1120 3953 1165 4022 qui
1187 3955 1257 4022 patri

212 4026 286 4096 gari,
300 4027 401 4076 laturas
418 4045 448 4076 er
462 4038 551 4077 nostra
570 4041 656 4098 gente.
669 4028 711 4080 Sic
760 4029 900 4091 successit,
917 4041 942 4079 et
956 4029 1049 4081 Albam
1063 4031 1178 4101 Longam
1193 4051 1258 4082 con-

214 4110 252 4160 ire
270 4125 339 4178 saepc
356 4119 382 4160 et
396 4106 518 4176 ἔρχεσθαι.
532 4107 612 4175 Quod
625 4122 712 4162 uutcm
761 4108 838 4160 didit.
852 4111 886 4162 cf.
901 4127 959 4182 sup.
973 4111 1030 4162 AEn.
1044 4111 1131 4181 1,‚267
1144 4130 1197 4184 sq,
1210 4110 1258 4165 sed
