3022 4682
441 391 674 460 AENEIDOS
699 393 850 460 LIBER
873 397 935 461 Vl.
1148 427 1203 490 ¹7¹

172 555 187 586 ι
199 523 320 591 Discite
328 523 489 613 justitiam
502 523 633 602 moniti,
648 539 693 603 et,
708 545 775 588 non
789 539 937 588 temnere
949 523 1053 591 diros.
1066 555 1080 585 s
1163 541 1209 589 6²0

169 629 328 696 Vendidit
339 629 393 694 hic
404 651 486 694 euro
499 630 650 718 petrium,
665 627 905 718 dominumque
918 647 1087 718 potentem

169 736 334 825 Inposuit,
348 735 417 798 lixit
429 735 516 823 loges
529 737 637 824 pretio
649 753 749 825 utque
761 734 867 798 refixit
879 759 886 796 :

170 844 233 910 Hic
246 841 424 906 thalamum
437 843 553 907 invosit
566 857 650 906 nete
663 843 849 930 vetitosque
861 841 1068 930 hymenaeos:

199 1025 252 1072 622.
262 1030 375 1091 pretioque
385 1027 422 1074 ed.
434 1029 494 1072 Ven.
507 1053 539 1064 -
548 1027 601 1074 623.
615 1025 723 1073 thalamos
736 1035 795 1072 nato
806 1029 888 1072 inuasit
898 1024 958 1072 ulter
969 1025 1039 1071 Goth.
1052 1039 1075 1072 et
1087 1037 1139 1072 tert.
1154 1025 1183 1072 n.
1196 1030 1212 1072 ι’.

173 1104 233 1140 notoe
242 1097 424 1160 inconcessosque
431 1095 453 1140 lr.
464 1096 524 1143 male
537 1113 565 1144 ex
573 1097 615 1143 lib.
625 1097 647 1153 l,
657 1097 710 1158 659.

170 1245 230 1296 fuit.
244 1243 285 1314 (v.
299 1248 410 1298 Pnussn.
425 1248 476 1312 lx,
490 1248 540 1300 36:
556 1248 623 1300 udde
636 1249 667 1297 ll.
717 1246 774 1298 haec
793 1249 850 1318 ipss
867 1245 1022 1299 admonitio.
1037 1263 1062 1293 v.
1079 1243 1173 1294 lortin.
1187 1261 1214 1314 p.

171 1325 199 1374 in
210 1325 299 1396 Apoll.
311 1327 371 1396 278.
387 1343 447 1398 279.
462 1329 529 1380 Num
543 1329 669 1400 Phlegyas
720 1327 778 1380 288.
792 1327 914 1378 Ceterum
924 1325 969 1377 hic
978 1341 1069 1377 versus
1081 1339 1136 1374 non
1148 1323 1216 1372 inter

169 1402 326 1470 Thessaliae,
347 1407 379 1458 de
399 1407 495 1478 quibus
514 1407 608 1460 Strabo
631 1409 670 1458 vi·
719 1405 864 1458 rhetoricos
876 1405 1039 1478 figuraserot
1051 1399 1215 1466 referendus,

171 1481 275 1534 dendus
292 1485 342 1548 lx,
360 1505 386 1556 p.
405 1485 454 1552 dno
474 1487 507 1555 B,
524 1485 577 1538 huc
590 1485 671 1538 advo·
719 1485 816 1556 quibus
829 1505 891 1538 sane
902 1485 955 1536 hoo
967 1483 1023 1538 lieri
1039 1483 1174 1546 videmus,
1187 1491 1217 1532 ut

172 1579 233 1614 cere
253 1581 307 1614 non
328 1563 389 1616 licet
405 1566 424 1638 ).
443 1566 541 1618 Verum
562 1585 617 1620 non
636 1565 669 1616 de
718 1566 757 1629 is,
770 1567 846 1634 cnjus
858 1563 993 1635 exemplo,
1006 1581 1069 1616 cusu
1081 1573 1107 1614 et
1119 1579 1216 1631 poenu,

170 1639 290 1713 Phlegyis
306 1643 459 1708 Maronem,
478 1645 524 1696 sod
542 1645 574 1696 de
590 1641 671 1696 Plrle·
719 1643 906 1709 uduuonemur,
936 1645 1049 1715 loquens
1075 1640 1218 1694 inducatur

167 1739 240 1792 pyu,
262 1723 358 1773 lxionis
371 1736 397 1774 et
409 1721 566 1788 Coronidis,
584 1743 598 1776 e
616 1741 670 1794 quo
718 1724 860 1796 (exemplu
883 1743 908 1774 v.
933 1723 1004 1795 apud
1029 1721 1217 1773 Vellenurinm

169 1801 350 1871 AEsculupium
362 1803 458 1874 Apollo
475 1805 608 1874 suscepit,
627 1823 671 1873 po·
717 1804 803 1856 Orutt.
829 1825 854 1876 p.
878 1803 966 1873 3²7);
993 1803 1108 1854 alienum
1126 1799 1178 1852 hoc
1203 1818 1218 1850 o

169 1889 228 1944 tre,
248 1882 294 1950 qui
312 1881 443 1952 Apollinis
464 1883 593 1954 templum
611 1881 671 1934 Del·
718 1895 813 1954 poeta,
837 1885 882 1953 qui
909 1901 940 1934 ex
968 1882 1084 1950 inmisi
1106 1881 1218 1950 poeticis

170 1959 230 2029 phio
254 1961 372 2012 incendit
395 1961 439 2030 (v.
466 1961 537 2014 Serv.
552 1962 578 2032 ),
603 1964 670 2014 occi·
718 1961 1018 2034 lege,etexperpetno
1036 1977 1086 2011 neu
1106 1977 1165 2024 eos,
1184 1957 1218 2008 do

169 2039 298 2110 piendum
318 2059 387 2104 esse,
397 2044 452 2110 jorn
469 2042 618 2093 docuerunt
631 2042 671 2092 lu·
721 2041 817 2112 quibus
832 2053 936 2104 uersat,
951 2051 1054 2112 agentes
1067 2050 1092 2090 et
1106 2037 1217 2110 loquen-

171 2130 258 2190 tes-pp.
268 2137 299 2172 ex
311 2119 386 2172 Statii
397 2123 544 2173 imitirtione
554 2121 638 2172 Theb.
649 2121 669 2184 l,
719 2133 755 2174 tes
766 2121 886 2173 exhibere
892 2135 1070 2184 tenetur,non
1080 2139 1142 2172 vero
1154 2117 1218 2189 quid

173 2215 223 2269 7¹²
237 2217 276 2270 sq.
296 2215 322 2253 et
340 2201 400 2252 Vel.
414 2199 453 2252 l'l.
473 2203 513 2270 ll,
535 2201 671 2272 193sqq.,
721 2203 822 2273 egerint
843 2215 888 2253 out
907 2201 1033 2264 dixerint,
1056 2209 1218 2260 narrarent,

156 2295 232 2348 =quse
261 2279 319 2332 locu
347 2281 519 2333 conferendo.
544 2279 672 2352 Phlegyas
721 2301 749 2334 re
774 2282 809 2333 ito
833 2281 951 2344 ferente,
975 2297 1023 2350 per
1046 2279 1157 2350 figurem
1180 2275 1219 2326 lo-

172 2360 253 2430 igitur
275 2359 386 2412 deorum
410 2374 575 2426 contemtor,
600 2361 673 2432 npnd
722 2373 832 2431 quentes
849 2359 975 2412 inducere
996 2370 1091 2430 potest.
1112 2355 1218 2406 Verbo:

171 2439 272 2490 inferos
295 2439 329 2490 ad
348 2441 477 2509 justitium
499 2453 525 2493 et
546 2443 672 2512 pietatem
718 2457 783 2504 ,vere
795 2440 942 2492 exclamare
953 2438 1086 2510 putandus
1097 2449 1136 2488 est
1149 2433 1222 2487 Phle-

171 2517 311 2569 colendom
330 2519 608 2586 exhortetnromnes,
627 2537 673 2570 no·
721 2539 793 2594 gyon.
817 2521 849 2572 V.
876 2521 936 2573 621.
959 2519 1008 2572 622
1034 2535 1064 2571 ex
1087 2516 1115 2566 L.
1138 2515 1220 2566 Vario

171 2596 299 2650 bilissimo
314 2598 359 2649 illo
373 2617 468 2650 versu:
486 2599 584 2651 Discite
588 2599 672 2672 justi·
722 2619 796 2672 pene
805 2601 922 2672 integros
935 2597 1071 2651 traductos
1081 2613 1154 2662 esee,
1167 2595 1222 2644 Ms-

172 2676 238 2727 tiom
246 2677 351 2742 moniti,
363 2680 408 2748 qui
419 2680 520 2750 msgnis
532 2679 594 2732 viris
603 2679 673 2730 mul·
722 2681 795 2732 orob.
811 2682 859 2744 Vl,
877 2698 884 2731 ι
901 2691 1027 2732 testetur:
1042 2675 1168 2732 Vendidit
1179 2671 1222 2723 liic

172 2758 207 2807 tis
219 2759 247 2808 in
262 2775 308 2810 ore
320 2756 427 2810 habitus
442 2761 508 2825 snit,
525 2773 550 2811 et
563 2759 674 2810 Munch·
721 2761 827 2814 lotium
845 2757 969 2832 populis,
989 2773 1113 2830 aprosque
1131 2753 1222 2824 Quiri·

172 2834 265 2900 ltnsio,
289 2837 431 2889 immortali
452 2840 526 2906 viro,
548 2839 673 2909 frequen·
722 2849 778 2890 tum
792 2839 918 2910 Eripuit,
927 2835 994 2909 fixit
1009 2837 1075 2909 leues
1084 2835 1170 2907 pretio
1182 2843 1221 2882 ot·

173 2927 221 2968 ter.
241 2917 310 2968 Noto
331 2910 438 2988 quoqne
455 2919 546 2970 lebuln
565 2919 598 2971 de
620 2920 671 2971 dae·
720 2937 772 2992 que
793 2915 886 2990 refixit.
905 2915 985 2985 Quod
1007 2917 1119 2984 adjecit:
1138 2911 1221 2964 domi-

172 3011 251 3046 rnone
264 2997 441 3066 interrogato,
461 3000 519 3068 quis
539 3017 569 3049 ex
589 3002 673 3050 omisi·
721 3007 972 3070 numquepotentem
981 2999 1072 3067 petrini
1081 2992 1220 3064 imposuit,

173 3073 224 3126 bns
245 3073 347 3145 Virgilii
367 3075 487 3125 versibus
509 3079 576 3130 esse't
596 3095 674 3148 prees·
722 3071 1221 3147 enpertinot,qnodtprsnnnmliberm

173 3153 345 3206 lautissimus.
380 3153 441 3204 Non
477 3155 546 3207 mole
585 3169 673 3208 sutem
723 3157 822 3207 civitati
836 3156 947 3206 induxit.
966 3164 1099 3226 potentem
1116 3162 1219 3200 ornate.

175 3245 339 3305 augurantur
350 3235 400 3285 riri
413 3233 485 3284 docti
502 3233 610 3286 ductum
631 3253 675 3287 co-
723 3231 860 3306 leyesſsun't
868 3237 954 3306 pretio
971 3244 1126 3302 corruptus,
1143 3241 1221 3299 utpute

174 3315 258 3366 lorem
287 3331 318 3366 ex
348 3311 456 3366 Pindari
488 3313 583 3367 illustri
613 3317 673 3368 loco
722 3309 824 3383 refixit,
843 3310 1122 3382 adrosere-inmunia
1138 3309 1222 3358 incise
1333 3317 1345 3336 '

173 3393 248 3465 Pgth.
262 3392 349 3462 ll,39
366 3407 405 3464 sq.
423 3395 487 3446 Θοιῖι
501 3392 526 3443 δ’
539 3393 674 3459 ι’φπμιῖνιι
725 3391 752 3442 t'n
764 3392 836 3444 cereis
848 3391 944 3445 tabulis
962 3392 1032 3464 leges
1046 3389 1223 3460 affigebantur

174 3473 261 3540 ’ῑξίοιᾰ
272 3473 342 3540 φαντὶ
354 3473 434 3526 euius
448 3473 538 3542 ,Esuriit
552 3472 639 3542 ulyssi,
653 3478 675 3530 ὁ,
722 3471 879 3542 parietibus.
898 3473 987 3522 Minm
1006 3471 1074 3522 bene
1092 3467 1179 3520 Cerdo
1195 3479 1227 3518 et

175 3550 291 3622 strepitur»
309 3556 386 3622 τροχᾷ
404 3553 492 3606 nerei
507 3553 674 3621 rossilionis·
726 3551 786 3616 ulii,
804 3569 875 3614 esse,
897 3553 924 3602 in
943 3569 976 3602 es
997 3549 1122 3601 incidere.
1141 3545 1224 3598 lidcni

173 3629 217 3686 uls
229 3627 348 3700 sirmiensi
360 3633 461 3698 ιὶμνιῐς
476 3635 586 3700 ἀμοιβαῖς
599 3635 677 3686 'Es-so
724 3633 792 3685 bene
804 3631 915 3683 laudent
923 3631 1007 3703 legem
1017 3629 1152 3692 Venulcii,
1166 3643 1229 3697 qnos

173 3711 285 3776 χομίηνς
305 3712 422 3763 τίνεσθαι.
452 3714 565 3780 molliti,
595 3713 621 3766 h.
651 3733 673 3768 e.
725 3713 863 3766 cstl.8l).
877 3712 949 3764 edla.
962 3709 1060 3761 lulium
1072 3707 1222 3779 peculatus:

176 3793 297 3862 exemplo
318 3809 394 3856 meo,
417 3791 489 3862 qnod
507 3813 556 3864 pro
571 3797 674 3846 monitu
723 3790 899 3862 pultobnlam
911 3807 1005 3842 oerennt
1019 3787 1124 3861 legis-
1134 3785 1225 3859 refice-

175 3883 224 3922 est.
246 3871 303 3923 Nec
326 3872 507 3942 importunum
534 3886 560 3925 ct
581 3875 674 3927 inutile
724 3876 772 3940 rit,
789 3875 830 3927 vel
853 3874 918 3946 quid
941 3872 1004 3924 inde
1027 3873 1224 3936 immutaverit,

175 3950 305 4002 monitum
317 3950 464 4022 putendum
476 3951 528 4004 hoc
539 3955 607 4006 inter
619 3973 674 4020 eos,
722 3955 791 4027 Lege
810 3954 882 4006 Julis
894 3953 1033 4026 peculatus
1048 3965 1160 4004 tenetur.
1176 3951 1224 4002 Se·

176 4031 273 4101 quibus
297 4031 385 4084 nullus
409 4033 571 4103 poenitentioe
598 4033 674 4088 loeus
710 4036 814 4106 ¹quitur
833 4031 856 4102 §.
878 4051 888 4085 r
911 4033 1008 4104 Budem
1024 4031 1080 4104 lupe
1101 4041 1224 4094 noctur,

177 4123 225 4167 tut.
238 4112 323 4164 Pteuoe
333 4114 403 4165 enirn
413 4111 473 4164 loco
483 4111 577 4167 heberi
586 4126 675 4186 potest
723 4115 771 4194 tpti
783 4113 849 4188 quid
867 4114 893 4167 in
908 4111 1003 4167 rutulo
1018 4109 1132 4191 publicis
1150 4109 1232 4163 dele-.
