3028 4682
440 397 675 466 AENEIDOS
698 399 851 463 LIBER
874 395 960 463 Vll.
1157 399 1218 467 285

182 527 318 593 Absenti
330 527 439 591 AEneae
451 544 584 590 currum
597 525 812 613 geminosque
822 522 956 612 jugalis,
1177 537 1221 582 280

180 635 312 701 Semina
323 627 365 698 ab
377 633 527 714 aetherio,
541 631 692 723 spirantis
705 629 838 696 naribus
851 632 976 718 ignem,

181 742 318 807 Illorum
331 740 373 805 dc
386 738 498 830 qanto,
511 740 596 830 patri
609 757 692 828 quos
704 735 838 802 Daedala
850 737 945 801 Circe

180 847 355 938 Supposita
368 845 409 911 de
421 863 525 910 matre
538 843 658 909 nothos
671 844 777 908 furata
789 842 921 908 creavit.

180 951 318 1016 Talibus
331 949 482 1018 AEneadae
496 949 591 1016 donis
604 949 766 1038 dictisque
780 945 887 1011 Latini

181 1058 344 1124 Sublimes
357 1060 390 1122 in
404 1059 497 1147 equis
510 1054 665 1135 redeunt,
678 1075 861 1143 pacemque
873 1065 1052 1139 reportant.
1180 1067 1222 1112 sut

226 1163 311 1228 Ecce
323 1180 434 1228 autem
447 1160 587 1228 inachiis
600 1183 671 1226 sese
683 1157 847 1224 referebat
858 1157 899 1222 ab
912 1157 1005 1244 Argis

182 1271 273 1336 Saeva
285 1270 303 1333 J
307 1269 377 1334 ovis
389 1267 547 1358 conjunx,
559 1287 721 1355 aurasque
734 1266 861 1330 invecta
874 1261 1022 1343 tenebam
1083 1311 1088 1326 .

104 1423 108 1438 .
183 1377 226 1440 Et
236 1376 348 1440 laetum
361 1375 495 1439 AEneam
507 1373 711 1461 classemque
724 1395 763 1435 ex
775 1369 897 1436 aethere
910 1368 1010 1455 longo

182 1479 381 1546 Dardaniam
393 1479 503 1545 Siculo
515 1478 683 1567 prospexit
694 1475 735 1542 ab
749 1498 854 1566 usque
866 1471 1029 1562 Pachyno.

183 1585 296 1651 Moliri
302 1585 372 1676 jam
384 1601 469 1649 tecta
481 1583 585 1664 videt,
595 1583 664 1673 jum
676 1581 779 1647 fidere
791 1599 903 1660 terrae3
1182 1608 1226 1656 290

182 1744 288 1792 Parrhas-
297 1766 329 1780 -··
339 1743 391 1791 ailo.
401 1745 480 1790 AEneoe
490 1743 578 1790 maenti
585 1743 655 1790 Goth.
665 1759 711 1790 tec.
723 1767 754 1780 -
765 1743 817 1790 aar.
824 1742 945 1806 fluqranu's
956 1739 1037 1803 fragm.
1050 1739 1124 1784 vute.
1135 1763 1167 1774 —
1175 1739 1227 1786 ada.

183 1817 254 1862 Circoe
266 1815 328 1862 idem
340 1815 421 1878 fragm.
431 1827 455 1862 et
468 1815 515 1861 duo
527 1817 606 1862 Burin.
617 1817 686 1861 etiam
698 1813 749 1869 hio,
760 1826 786 1859 ut
795 1812 859 1859 alibi.
869 1829 891 1858 r.
901 1827 953 1874 sup.
967 1826 1017 1872 ¹9¹·
1030 1810 1158 1855 Commeat.
1169 1809 1228 1854 Cni-

182 1901 224 1948 qu.
232 1885 263 1930 ael
276 1885 355 1930 Horat.
365 1885 429 1929 lSrt.
443 1883 470 1940 6,
481 1901 509 1947 77
522 1885 554 1931 sic
564 1883 644 1931 laudet
652 1901 657 1930 :
665 1899 721 1947 quot
731 1881 764 1928 illi
771 1883 794 1928 d.
806 1883 831 1929 C.
842 1885 865 1929 S.
880 1881 908 1936 de
917 1889 990 1926 matre
1000 1878 1151 1941 tototfumtu
1161 1895 1227 1925 creo-

182 1960 222 2002 oit.
233 1981 265 1992 —
273 1955 324 2011 alid.
336 1955 448 2002 AEtteodes
456 1957 521 2002 Rom.
534 1955 580 2002 luti
589 1957 612 2002 d.
623 1958 645 2002 d.
656 1955 754 2003 Dor-vill.
767 1956 832 2002 dictis
842 1955 949 2018 donisque
958 1955 1022 2000 Serv.
1030 1950 1121 1998 -uto
1131 1951 1160 1996 ab
1169 1955 1229 2016 aquit

183 2027 253 2073 Goth.
265 2043 301 2089 pr.
308 2025 397 2088 -²⁸7·
404 2041 449 2090 que
458 2026 523 2073 abest
533 2028 626 2090 Menag.
637 2045 674 2091 pr.
687 2031 768 2072 invicto
780 2023 876 2072 Mentel.
888 2041 924 2087 pr.
933 2037 1045 2087 cuiusque
1052 2025 1140 2068 invento
1147 2023 1229 2068 Franc.

183 2123 216 2134 -
223 2097 275 2144 ²88.
286 2095 350 2162 lorsqu
361 2097 440 2142 lleim.
455 2112 483 2143 ex
492 2097 601 2144 Medieeo
613 2101 701 2160 recepit
710 2114 717 2153 ;
727 2097 817 2143 accedit
828 2097 919 2156 Hagen.
930 2096 964 2140 Ex
975 2095 1079 2139 liomruo
1095 2091 1156 2137 nihil
1167 2105 1230 2138 notr-

185 2180 235 2214 tom
245 2179 287 2214 est.
296 2171 324 2213 At
335 2171 407 2214 ceteri
418 2182 499 2214 omues
511 2183 563 2214 cum
573 2169 654 2230 fragm.
666 2171 741 2214 vute.
752 2181 776 2213 et
788 2167 842 2213 edd.
853 2165 923 2230 lonqs.
933 2167 1038 2219 Vereor,
1050 2179 1080 2209 ne
1092 2161 1190 2209 alterum
1200 2167 1230 2210 sit

186 2253 215 2284 ex
226 2252 255 2284 eo
265 2235 402 2284 deliciarum
417 2252 519 2298 genere,
537 2237 602 2300 quod
616 2237 763 2284 librariorum
780 2237 876 2282 incuria
895 2235 1015 2280 debemur.
1025 2259 1056 2268 -
1067 2233 1118 2292 289.
1128 2233 1229 2296 adusque

185 2309 252 2354 Rom.
263 2307 373 2368 Pulyuo,
385 2305 497 2364 Pucltiuo,
509 2307 638 2366 Pucht'tmo,
648 2307 770 2370 Poelryuuo
779 2307 907 2354 aberratio.
916 2329 948 2342 -
958 2319 1010 2365 ²9⁰·
1016 2304 1091 2366 fidere
1105 2311 1170 2348 trrroe
1178 2303 1230 2366 ple·

186 2443 220 2494 tis
231 2443 330 2494 fastum
342 2444 370 2494 in
376 2441 430 2494 hoo
441 2441 684 2514 adoptaseeputan·
733 2445 761 2494 in
775 2442 861 2514 equis,
884 2453 914 2492 ut
934 2457 1016 2510 supe,
1030 2455 1098 2500 non,
1110 2434 1232 2490 sublimes

184 2521 234 2573 dus
251 2535 290 2573 est
309 2534 404 2592 poeta;
418 2523 507 2572 surius
522 2541 553 2574 ex
569 2525 684 2593 antiquae
734 2523 807 2576 donis
814 2521 954 2594 dictisque;
965 2519 1012 2572 sed
1022 2517 1096 2571 donis
1104 2517 1231 2590 dictisque

183 2601 266 2653 ltaliae
281 2601 324 2654 rel
338 2602 451 2652 Etruriae
460 2600 523 2652 luxu
533 2620 589 2654 rem
599 2603 683 2672 petiit.
733 2622 797 2674 pro,
810 2614 871 2674 post
883 2601 947 2653 talia
960 2600 1044 2661 dicta3
1058 2605 1104 2650 teu
1117 2615 1176 2650 cum
1189 2611 1230 2650 ta·
1303 2603 1304 2606 ’

183 2681 253 2734 Nam
263 2681 400 2734 monilium
417 2695 443 2733 et
454 2683 589 2753 torquium
601 2683 685 2733 omni·
733 2683 802 2734 libus
815 2681 892 2732 donis
905 2680 1044 2751 dictisque.

185 2779 221 2813 no
229 2763 297 2818 inter
306 2763 432 2813 Etruscos
440 2761 685 2831 frequentissimum
769 2762 820 2814 286
832 2779 891 2832 sqq.
904 2755 1140 2828 Noronqmiruu,
1153 2772 1179 2809 et
1192 2777 1231 2810 re-

186 2859 263 2892 usum
273 2842 354 2892 fuisse
364 2839 462 2892 docent
472 2839 584 2893 Etrusco
593 2859 685 2892 monu-
733 2862 790 2895 rum
800 2843 938 2894 conversio
945 2843 1138 2910 inexspectata,
1149 2857 1230 2909 quum

187 2935 283 2973 menta.
304 2923 365 2972 Mox
384 2939 481 2970 nurum
504 2921 551 2972 sul
567 2921 685 2974 dentibus
730 2921 828 2994 jamatl
839 2935 961 2974 eventurn
971 2917 1231 2991 perductavitlerou-

188 3001 317 3071 quianon
333 2999 405 3050 videt
422 3015 479 3050 esse
495 2999 685 3052 frenai-280
733 3013 776 3053 tur
794 3003 971 3072 Trojanorum
988 3001 1053 3052 fata.
1073 3000 1170 3050 lterum
1182 3000 1230 3049 lu-

187 3096 246 3149 sqq.
264 3078 350 3129 AEneae
367 3077 448 3127 mittit
461 3094 558 3146 equos,
569 3095 684 3148 quorum
734 3081 811 3131 nonis
824 3079 887 3130 odio
896 3092 922 3131 et
934 3079 973 3129 ira
982 3089 1064 3148 poeta
1074 3079 1168 3137 utitur;
1182 3079 1233 3128 etsi

187 3174 271 3230 qenus
285 3155 471 3208 adumbratum
484 3168 523 3205 est
534 3173 564 3206 ex
576 3154 649 3207 ttind,
660 3176 684 3216 t,
734 3161 761 3210 in
772 3171 829 3210 toto
842 3159 902 3210 loco
918 3171 978 3211 ante
992 3157 1083 3209 oculos
1095 3157 1145 3209 fuit
1159 3159 1232 3228 Nep-

189 3234 376 3314 265sqq.3ubi
389 3234 685 3304 equisaloveTroido-
734 3251 814 3289 tunus
835 3237 929 3310 Odyss.
952 3257 978 3296 t,
999 3235 1047 3288 282
1062 3252 1120 3306 sqq.
1136 3237 1233 3288 Faten-

188 3319 257 3369 natis
270 3314 398 3366 Anchises
413 3311 572 3366 submiserat
586 3332 685 3386 equas;
735 3315 797 3366 dum
810 3334 918 3386 quoque
929 3315 1040 3366 multum
1052 3313 1232 3367 similitudinis

188 3415 259 3448 nunc
272 3395 360 3459 Circe,
379 3395 517 3467 ingeniosa
529 3391 595 3444 Solis
614 3393 685 3460 lilio,
734 3394 797 3447 huic
819 3397 931 3447 lunonis
953 3394 1069 3446 orationi
1092 3411 1149 3446 esse
1171 3413 1233 3446 cum

188 3477 231 3528 eui
244 3476 270 3526 in
283 3473 380 3526 fabulis
390 3473 487 3526 Italicis
499 3473 623 3543 proprius
637 3471 686 3523 ali·
734 3474 781 3527 illa
792 3474 838 3526 lib.
850 3476 878 3542 l,
891 3475 924 3528 36
935 3493 1008 3546 seqq.
1022 3475 1045 3525 A
1056 3474 1179 3546 Pachyno
1189 3493 1232 3526 us·

189 3557 248 3628 quis
265 3554 338 3606 locus
350 3568 390 3624 est
402 3552 444 3624 (v.
458 3554 485 3605 in
497 3553 616 3605 Excursu
628 3554 639 3603 1
652 3551 686 3603 ad
736 3573 787 3626 qne
799 3554 893 3607 Sicilire
905 3556 1089 3627 promontorio
1101 3557 1232 3626 prospicit

187 3636 214 3688 ir.
227 3635 275 3687 lib.
287 3635 312 3708 ),
324 3635 370 3686 uui
386 3651 515 3706 equorum
528 3635 610 3705 patris
623 3631 685 3684 sub·
734 3637 852 3696 Latium
865 3634 966 3687 scilicet
979 3653 1060 3706 supra
1075 3635 1121 3688 illa
1133 3635 1232 3687 lucain

188 3717 259 3768 misit
277 3713 415 3766 mortalem
436 3731 545 3784 equam,
565 3713 627 3765 hinc
640 3731 686 3764 no·
735 3715 802 3768 aeris
821 3717 930 3786 regione
946 3717 1066 3781 invecta,
1083 3733 1138 3767 non
1148 3717 1232 3768 monti

189 3795 245 3848 thos
251 3793 346 3866 furata
362 3793 473 3857 creauit,
485 3792 538 3844 hoc
556 3805 610 3858 est,
627 3793 686 3844 iur-
736 3797 866 3846 insistens.
876 3795 929 3846 lter
942 3805 1029 3846 autem
1039 3795 1126 3846 iacere
1136 3807 1232 3864 putau-

188 3877 236 3926 tim
259 3885 407 3944 susceptam
430 3873 600 3943 progeniem,
623 3871 686 3942 pul·
735 3872 771 3924 da
782 3873 858 3944 Argis
868 3891 958 3925 versus
968 3873 1163 3946 Carthaginem.
1174 3877 1233 3927 Per·

189 3953 257 4018 lum,
283 3965 362 4004 nacta
386 3962 433 4002 est.
455 3949 528 4002 Nihil
550 3964 637 4002 autem
658 3951 686 4001 in
735 3955 916 4005 mutanteuim
928 3954 964 4005 dii
977 3953 1122 4026 locumque
1133 3969 1231 4007 amant.

189 4048 329 4108 poetarum
337 4031 436 4083 fabulis
445 4028 561 4082 nobilius
570 4042 609 4082 est
619 4029 685 4081 Solis
735 4033 827 4084 Paullo
842 4032 977 4084 difficilior
988 4048 1145 4105 prospectus
1162 4037 1233 4107 Nep-

189 4115 274 4186 equis.
287 4142 321 4153 -
335 4108 391 4166 285.
403 4107 557 4183 iungenda,
567 4107 686 4165 sublimet
736 4113 792 4163 tuni
804 4111 908 4164 videtur
921 4111 992 4184 opud
1002 4115 1144 4166 llomerum
1157 4114 1174 4165 l.
1191 4133 1232 4183 o,
