3028 4682
269 381 336 456 230
595 376 862 444 EXCURSUS
885 381 986 445 vttt

306 499 415 551 Aditum
429 499 463 551 ad
476 497 573 569 inferos
584 517 666 570 supra
677 499 799 552 vidimus.
810 479 919 554 Exitum
929 521 978 574 per
984 501 1076 556 Somni
1082 511 1171 573 partus
1181 513 1313 556 monstrat

271 581 359 632 AEueae
371 579 556 652 Sibyllesubf.
567 578 629 645 tm,
642 579 731 632 uiride
744 579 857 634 euvide·
953 635 959 652 x
1157 577 1161 586 ’

722 761 863 776 ψ
879 757 884 772 Ι

549 875 909 966 EXCURSUS
942 880 1032 966 IX.

566 1067 620 1132 De
626 1067 827 1160 flmrmta
843 1069 1025 1156 murorum.

308 1235 359 1300 VI,
373 1233 512 1304 296-298
523 1233 594 1284 Iliae
606 1234 648 1284 via
663 1234 782 1285 Tartarei
796 1251 855 1305 quoe
861 1233 919 1303 fert
930 1233 1129 1286 Aclteroutt'tud
1140 1233 1237 1296 undam
1252 1235 1320 1286 Tur·

273 1312 347 1365 bidus
359 1311 401 1362 lric
413 1331 502 1376 cauo,
517 1322 639 1384 vastaque
649 1313 772 1385 vorapiuc
779 1331 873 1385 parpes
884 1313 990 1364 AErtuat
997 1349 1006 1377 ‚
1019 1321 1099 1383 atque
1107 1329 1213 1363 omnem
1224 1314 1318 1383 Cocyto

273 1391 568 1442 eutetatareuamMox
577 1392 604 1441 iu
613 1391 706 1443 eudem
716 1411 759 1456 re,
772 1393 836 1444 323:
850 1391 938 1461 Cocyti
946 1401 1037 1463 stoque
1049 1387 1317 1463 altaut'desStyyiam·

274 1490 326 1544 que
336 1471 471 1543 paludem.
484 1471 517 1522 Et
531 1471 600 1522 nuda
610 1472 712 1542 Styqia‚
726 1472 787 1536 385,
800 1473 860 1539 ³9¹·
873 1471 906 1522 Et
918 1489 976 1542 sup.
986 1491 1011 1521 v.
1028 1487 1089 1541 ¹⁰7²
1101 1471 1207 1542 quaudo
1220 1471 1263 1521 Iu‘c
1275 1471 1318 1520 iu·

246 1573 253 1585 ·
269 1552 346 1622 serui
348 1554 437 1622 jauua
446 1552 512 1624 repit
517 1551 632 1616 Dicitur,
637 1562 662 1601 et
671 1553 799 1604 tenebrosa
804 1551 882 1623 palus
888 1549 1035 1602 Aelteroute
1041 1551 1134 1621 refuso.
1145 1551 1206 1603 1322
1220 1551 1320 1602 Tenent

275 1631 361 1682 media
380 1629 470 1680 omnia
490 1627 576 1694 siluoe,
598 1632 757 1702 coeptusque
769 1631 830 1682 sinu
849 1627 935 1680 tatem
947 1630 1119 1682 circumuenit
1132 1640 1196 1680 atro.
1213 1629 1289 1700 Quod
1298 1629 1320 1680 si

276 1719 363 1760 tantus
372 1726 461 1771 autor,
474 1708 496 1760 si
504 1719 576 1758 tauta
589 1709 684 1778 cupido
697 1720 733 1762 est
739 1747 748 1774 ,
763 1709 807 1761 Bis
815 1708 917 1780 Stypiot
927 1709 1020 1760 iuuare
1031 1706 1110 1760 lacus.
1122 1710 1198 1773 Mire,
1209 1725 1255 1760 seu
1266 1719 1321 1758 tur·

276 1786 355 1850 baut,
369 1803 414 1837 seu
427 1788 530 1838 variant
543 1789 569 1837 in
581 1773 733 1838 fluminibus
745 1789 837 1839 inferis
849 1799 942 1857 poetu.
956 1787 1011 1838 Eut
1021 1805 1074 1838 nou
1088 1786 1166 1839 facile
1176 1786 1272 1856 aliquis
1285 1785 1320 1836 ed

274 1863 428 1916 historicam
439 1851 575 1916 veritdtem
588 1865 659 1931 luteo,
673 1883 729 1936 quae
744 1868 840 1939 ingenii
853 1869 951 1937 poetici
963 1879 1112 1919 commenta
1124 1879 1150 1917 et
1159 1867 1321 1918 narratIouis

276 1959 433 1996 ornamenta
445 1959 520 2010 sunt,
533 1948 630 2018 exigam
642 1946 675 1998 de
684 1948 795 2019 Virgilio
806 1961 893 1999 tamen
906 1947 1064 2013 videndum,
1074 1960 1207 2000 temerene
1220 1945 1263 1997 ille
1272 1945 1321 1996 llu-

275 2026 376 2076 quutu
390 2027 497 2078 nomina
510 2029 641 2097 posuerit;
662 2045 695 2078 en
713 2041 811 2080 certam
824 2028 954 2080 rationem
967 2041 1093 2098 sequutus
1106 2031 1147 2079 sit.
1158 2029 1217 2079 Jam
1229 2025 1320 2078 Cerdte

277 2105 368 2176 aliqua
379 2106 449 2159 hune
459 2109 486 2159 in
499 2126 554 2159 rem
569 2121 633 2160 uota
645 2122 685 2161 est
701 2127 755 2160 nou
767 2109 889 2176 indocta,
905 2109 939 2160 ud
951 2127 975 2160 v.
994 2109 1057 2179 295;
1077 2109 1123 2162 sed
1140 2111 1168 2160 in
1186 2106 1321 2180 plerisque

276 2187 393 2256 argutias
406 2199 504 2257 captet.

311 2266 371 2318 Dua
385 2269 492 2320 omuino
504 2267 586 2320 duces
600 2267 652 2320 lroc
663 2269 691 2319 in
702 2268 763 2320 laco
777 2268 873 2322 habuit
883 2269 1023 2341 Virgilius,
1036 2269 1179 2320 Homerum
1191 2279 1219 2319 et
1230 2265 1321 2319 Pluto-

279 2369 340 2406 nem
352 2372 358 2402 ε
375 2347 420 2416 qui
431 2351 537 2420 trajecto
551 2348 669 2410 Ooeauo,
680 2347 773 2400 Ileden
784 2348 851 2400 adiri
863 2362 985 2409 nerranu
1002 2365 1063 2399 eum
1073 2345 1131 2398 aliis
1139 2347 1269 2398 descensus
1277 2361 1326 2416 per

278 2450 381 2504 specum
399 2427 564 2499 profundum
585 2426 619 2478 ud
639 2427 699 2478 loca
720 2429 806 2478 infera
818 2442 952 2487 narretur,
964 2429 1002 2480 ita
1019 2438 1048 2477 ut
1063 2427 1090 2476 iu
1108 2428 1222 2496 primue
1241 2441 1323 2495 sper-u

278 2527 399 2582 egressu,
413 2506 497 2556 ualuis
510 2505 629 2572 objectus
642 2507 683 2556 sit.
692 2504 872 2577 AlterOdyss.
885 2527 911 2567 ιι,
924 2506 1015 2558 513-
1025 2505 1090 2557 515:
1105 2502 1321 2576 Pltleqetlroutem

278 2608 339 2642 eum
359 2589 467 2655 l'mcyta,
489 2603 602 2654 quorum
623 2584 694 2635 huuc
717 2585 823 2656 quidem
840 2587 926 2659 Styqt'r
939 2589 1003 2638 furit
1018 2595 1135 2658 purtem,
1147 2588 1174 2636 iu
1188 2583 1322 2635 Aeltemu·

280 2679 331 2718 tem
342 2665 439 2715 deferri
449 2674 553 2726 narrat,
564 2675 590 2711 et
600 2679 656 2713 esse
666 2676 769 2731 petrum
779 2683 811 2715 eo
821 2663 896 2730 laco,
906 2683 960 2734 quo
969 2664 1023 2716 duo
1033 2663 1104 2715 fluvii
1114 2665 1321 2714 committantur.

270 2745 383 2804 2Platoui
397 2755 499 2804 autem,
516 2743 543 2792 in
556 2740 700 2808 l'hudone,
717 2745 892 2796 vetustiorum
903 2743 1101 2816 Tlteologorum
1113 2743 1233 2814 exemplo
1245 2740 1256 2810 (
1267 2739 1323 2792 vid.

279 2823 388 2879 Hesiod.
401 2821 502 2892 Theog.
511 2820 563 2889 740
572 2837 630 2890 sqq.
642 2822 692 2890 8'07
704 2839 762 2892 sqq.
772 2823 797 2893 ),
810 2824 933 2876 Tartarus
944 2842 1043 2895 vorago
1052 2837 1100 2892 est,
1108 2825 1134 2875 in
1144 2841 1224 2894 quum
1234 2823 1325 2872 omnia

280 2907 390 2958 flumina
402 2918 532 2972 uquarum
544 2899 689 2964 confluunt,
700 2914 725 2952 et
738 2901 799 2954 iude
811 2921 901 2954 rursus
913 2902 1033 2955 effluunt.
1046 2903 1098 2956 Sed
1108 2916 1196 2955 tamen
1207 2913 1323 2972 quatuor

280 2985 401 3058 inprimis
414 2981 645 3032 orbemterrarum
658 2983 856 3048 circumlinunt,
871 2985 990 3036 Oceanus
1002 3001 1070 3036 uuus
1083 2986 1109 3034 in
1122 2985 1218 3036 extimo
1231 2992 1323 3052 parte;

279 3068 343 3121 huic
351 3083 382 3117 ex
391 3057 502 3116 adversa
511 3059 643 3126 Acincum,
657 3063 702 3132 qui
712 3064 739 3112 iu
749 3063 873 3133 paludem
885 3063 1056 3116 Acherusium
1065 3063 1192 3126 defertur,
1202 3063 1324 3132 interque

282 3149 335 3200 duo
348 3145 408 3197 illos
420 3140 545 3194 interfluit
558 3139 799 3212 Pyrt'plrleyetlrou‚
813 3145 859 3213 qui
871 3141 996 3213 paludem
1009 3144 1114 3214 igneam
1127 3157 1248 3194 emensus
1263 3153 1325 3211 post

281 3226 378 3279 multos
390 3223 485 3286 fluxus,
497 3220 545 3272 ubi
557 3221 729 3273 Acherusium
742 3222 868 3293 paludem
878 3235 904 3274 et
914 3225 971 3294 ipse
982 3223 1088 3287 ambiit,
1100 3223 1171 3273 infru
1183 3223 1325 3274 Tartarum

280 3308 435 3366 diminitum
448 3315 475 3356 et
496 3301 575 3364 ulter,
595 3301 657 3354 huit
676 3321 707 3354 ex
726 3303 838 3356 adverso
855 3303 952 3368 fluens,
971 3304 1079 3374 Cocytus
1085 3341 1094 3369 ,
1109 3304 1155 3373 qui
1169 3303 1284 3372 primum
1297 3301 1325 3351 iu

280 3389 396 3461 Stygiam
408 3383 532 3456 paludem
544 3386 689 3454 ingressus,
703 3401 776 3450 mox,
791 3385 836 3436 uhi
845 3399 906 3456 post
914 3383 1099 3436 multosflexus
1110 3383 1145 3435 ad
1151 3383 1325 3434 Achertuiam

283 3466 409 3540 poluderu
422 3463 551 3534 pervenit,
561 3462 630 3514 hauc
643 3465 735 3534 etipse
748 3465 840 3526 amitit,
853 3475 879 3516 ot
890 3465 917 3514 in
927 3465 1068 3514 'Iertarum
1081 3478 1108 3512 se
1120 3462 1277 3532 prucipitat.
1287 3461 1327 3509 Ita

282 3544 425 3599 delenuia
436 3539 529 3614 palus,
542 3559 620 3612 quam
634 3541 758 3593 Acheron
770 3543 847 3608 lacit,
861 3543 887 3592 in
897 3541 985 3594 medio
998 3553 1051 3606 est,
1061 3541 1087 3590 iu
1101 3557 1180 3610 quum
1193 3535 1325 3608 impiide-

282 3631 418 3689 feruntur,
437 3635 463 3674 et
483 3624 522 3673 sic
539 3640 629 3693 porro.
647 3624 790 3674 Notionem
809 3641 850 3673 rue
867 3640 920 3672 uon
937 3622 1000 3671 satit
1012 3617 1111 3670 clarum
1127 3618 1188 3670 tulit
1205 3618 1327 3670 lucorum

282 3709 348 3759 situs
359 3703 473 3761 habere,
486 3703 580 3754 lubens
593 3704 687 3754 fateor.
701 3701 898 3762 Commeatum,
911 3720 927 3752 u
938 3700 1046 3752 Socrate
1058 3701 1219 3770 expositum,
1230 3698 1264 3750 ab
1275 3715 1326 3747 un-

283 3783 443 3857 tiquioribus
455 3783 528 3836 lraud
540 3782 620 3834 dubie
633 3795 772 3853 acceptum
785 3796 853 3844 erat;
867 3800 928 3834 nam
941 3784 967 3833 in
978 3782 1059 3832 initiis
1072 3779 1157 3833 elmile
1169 3779 1265 3852 dogma
1278 3795 1326 3828 eeu

283 3861 388 3936 mytilus
400 3861 582 3930 frequentatus
593 3877 649 3913 esse
662 3861 761 3914 debuit.
775 3861 877 3933 Nempe
892 3860 965 3932 quod
977 3879 1083 3923 eorum,
1097 3859 1142 3930 qui
1157 3859 1253 3910 initiati
1271 3873 1327 3906 nun

241 3967 246 3972 ·
283 3952 385 4005 esseut,
401 3941 493 3992 animm
505 3941 526 3994 ir
539 3939 639 4010 βορβόρῳ
653 3943 747 3992 κεῖσθαι
760 3940 830 4011 apud
845 3941 990 4006 Plutonem,
1004 3953 1030 3993 et
1043 3941 1109 3992 ulios
1122 3938 1205 4010 (eous.
1219 3938 1327 4006 Meneg-

285 4023 318 4074 ml
331 4021 409 4090 Diog.
421 4018 507 4069 Imert.
521 4019 569 4077 vt,
589 4019 642 4090 39)
662 4020 801 4084 dicuntur,
814 4019 848 4072 od
861 4021 930 4074 hune
943 4023 1027 4092 ipsam
1040 4018 1179 4090 paludem,
1198 4017 1241 4068 eui
1253 4017 1329 4065 iuua-

285 4113 341 4156 tant
361 4098 469 4162 auimae,
485 4109 540 4147 erut
553 4099 721 4150 referendum
734 4119 749 4152 a
762 4099 910 4151 Mosltemio
931 4099 965 4152 ad
985 4095 1137 4150 Cuduortlr.
1155 4113 1181 4166 p.
1200 4092 1275 4161 1039.
1288 4091 1327 4142 lix
