2968 4696
265 286 328 368 sss
601 280 866 347 excursus
887 283 965 346 vu

301 407 386 459 Tomi
396 406 485 477 itaque
496 403 622 476 originem
636 417 716 476 poeta
727 425 742 458 a
753 407 863 472 Danae,
877 407 972 458 Acrisii
984 407 1053 478 regis
1065 407 1235 482 Argivorum
1249 413 1329 482 titis,

262 488 350 538 Persei
360 498 453 548 matre,
461 484 581 554 repetiit:
592 482 711 535 fabulam
721 484 855 554 vulgarem
866 498 1004 555 sequutus,
1015 505 1068 556 qua
1076 488 1163 539 Ardea
1174 510 1191 540 a
1201 493 1327 558 Danae,

263 566 351 619 Persei
361 576 442 616 matre
447 603 457 630 ,
465 563 568 614 condita
579 562 737 616 credebatur
747 585 752 613 ι
763 563 829 615 Plin.
842 566 886 616 111.
897 583 917 614 s.
927 584 952 634 9.
962 565 1055 618 Danae
1066 571 1137 620 enim
1146 573 1217 621 vitio
1226 573 1326 626 aJove

264 659 374 716 accepto
387 647 457 696 intra
472 662 561 696 arcam
574 662 589 695 a
601 657 676 714 patre
689 643 792 695 inclusa
807 646 888 713 inque
907 663 979 696 mare
992 649 1176 718 precipitata,
1195 649 1266 703 inde
1285 651 1324 702 ad

262 724 418 794 Seriphum,
438 741 517 774 unam
534 740 564 774 ex
580 721 756 793 Cycladibus,
774 721 881 788 delata,
900 742 915 774 a
934 725 1067 792 piscatore
1085 731 1134 778 reti
1150 729 1322 781 extrahitur.

262 804 330 856 Vide
342 802 498 875 Pherecydis
515 803 695 852 narrationem
712 800 784 871 apud
801 799 889 852 Schol.
911 803 1045 873 Apollonii
1063 807 1114 871 lV,
1134 824 1211 876 ¹⁰9¹·
1232 809 1293 859 Alii
1305 828 1323 860 a

262 883 432 956 pradonibus
446 895 577 953 repertam
589 899 711 933 narrasse
722 881 853 933 videntur.
866 881 930 934 lude
941 883 1053 934 Plinium
1066 885 1179 950 XXXV,
1192 889 1231 954 4ο
1244 907 1268 938 s.
1283 889 1320 940 32

261 963 450 1016 illustrandum
468 963 596 1013 arbitror:
609 963 735 1012 Artemon
754 963 839 1032 pinxit
854 963 983 1028 Danaen,
998 964 1153 1018 mirantibus
1168 986 1230 1018 eam
1247 987 1322 1040 prte-

263 1044 379 1095 donihus.
394 1043 512 1094 Accessit
527 1041 589 1092 hinc
601 1041 653 1092 alia
664 1039 775 1092 fabula:
789 1041 899 1092 Danaen
916 1043 998 1094 fuisse
1015 1042 1048 1092 ad
1059 1044 1162 1096 ltaliam
1175 1045 1319 1115 delatam,

261 1123 353 1194 ibique
366 1143 423 1176 eam
432 1122 546 1174 Ardeam
556 1119 714 1173 condidisse.
725 1122 792 1172 Navi
803 1121 910 1190 quidem
921 1140 980 1172 cum
989 1125 1068 1174 sociis
1079 1123 1218 1177 advectam
1228 1143 1320 1198 poeta

262 1214 354 1254 noster
365 1201 470 1254 tradere
483 1200 590 1263 maluit;
603 1218 665 1251 nam
678 1199 723 1251 lib.
737 1200 801 1266 Vll,
819 1200 885 1267 409,
897 1200 1027 1264 Audacia,
1044 1204 1146 1272 inquit,
1160 1205 1264 1255 Rutuli
1280 1207 1321 1257 ad

262 1300 360 1348 muros,
371 1300 451 1354 quam
461 1279 556 1330 dicitur
568 1280 655 1331 urbem
663 1279 819 1332 Acrisioneis
828 1281 921 1330 Danae
927 1280 1054 1350 fundasse
1064 1280 1161 1334 comnis
1171 1285 1320 1356 Praecipiti

262 1359 349 1412 delata
362 1370 430 1410 noto.
446 1360 529 1428 Inque
546 1376 577 1410 eo
595 1357 662 1409 adeo
680 1357 809 1429 evulgari
826 1359 979 1410 narratione
994 1359 1095 1411 recedit
1111 1362 1206 1426 hlaro,
1226 1381 1316 1433 quam

262 1440 366 1494 Servius
379 1438 447 1490 male
460 1438 494 1489 ad
505 1437 558 1489 loci
569 1437 647 1508 hujus
660 1438 906 1507 interpretationem
919 1437 1058 1502 admovet,
1069 1439 1103 1490 ed
1114 1459 1137 1490 v.
1152 1441 1219 1510 372,
1231 1445 1314 1511 cujus

261 1507 327 1572 noia
339 1518 411 1591 apud
420 1519 549 1589 Pompon.
562 1517 622 1568 Sab.
635 1517 740 1587 plenior
753 1529 831 1568 extat.
845 1518 905 1583 Qua
917 1518 997 1568 ltaliae
1008 1533 1083 1588 parte
1096 1519 1201 1572 Danaes
1211 1523 1314 1593 appul-

262 1617 307 1650 sus
326 1602 412 1650 factus
431 1610 515 1661 esset,
534 1614 588 1647 non
608 1609 746 1647 constante
765 1597 828 1647 satis
842 1597 894 1648 lide
913 1596 1040 1648 traditum
1056 1599 1180 1652 ridetur:
1198 1603 1259 1654 aliis
1275 1602 1312 1653 ad

261 1678 364 1749 Apulia
375 1677 452 1742 litus,
463 1677 520 1728 aliis
531 1675 564 1726 ad
572 1675 714 1728 Ardeatem
727 1694 834 1747 agrum,
848 1676 906 1728 aliis
916 1675 974 1748 (ap.
986 1675 1103 1730 Servium
1113 1681 1147 1732 ad
1157 1683 1231 1747 Vlll,
1243 1683 1312 1754 345)

262 1756 297 1808 ad
310 1757 367 1826 ipsa
379 1757 466 1806 Roma
479 1755 539 1805 loca
551 1772 610 1803 cum
623 1753 682 1804 liliis
695 1755 766 1823 Arga
778 1767 804 1806 et
813 1755 915 1826 Argeo,
928 1773 1065 1808 escensum
1077 1759 1177 1810 lactum
1188 1760 1312 1830 proden-

261 1835 340 1886 tibus.
358 1836 425 1885 Tota
441 1847 529 1885 tamen
546 1833 638 1884 tabula
657 1836 798 1905 nugatorio
808 1873 818 1900 ,
834 1848 961 1906 quantum
979 1837 1086 1907 quidem
1104 1838 1197 1904 video,
1211 1840 1312 1890 verbo·

260 1931 320 1963 rum
331 1912 401 1964 lusui
412 1913 540 1984 originem
555 1911 648 1976 debet,
662 1931 693 1963 ac
706 1914 726 1962 si
739 1915 857 1980 Daunia,
871 1933 928 1986 qua
937 1916 1040 1986 Apulia
1047 1934 1109 1986 pars
1120 1930 1173 1984 est,
1186 1937 1203 1969 a
1213 1919 1310 1972 Danae

260 1995 355 2046 Acrisii
365 1994 419 2046 lilia
430 2012 527 2045 nornen
539 2006 565 2044 et
577 1992 687 2046 colonos
698 1996 838 2065 acceperit.
854 1997 878 2045 A
886 1995 987 2054 Danais
999 2008 1087 2047 autem
1101 2015 1181 2067 quum
1193 1999 1310 2049 Rutulos

262 2089 350 2126 ortum
362 2076 471 2128 traxisse
480 2087 556 2125 vetus
568 2073 632 2126 tides
644 2086 727 2140 esset,
740 2076 845 2126 Danaes
857 2073 948 2126 fabula
960 2076 1040 2126 etiam
1053 2075 1087 2128 ad
1099 2077 1209 2128 Rutulos
1222 2090 1313 2130 tracta

264 2169 290 2208 et
302 2171 426 2210 revocata
438 2170 486 2209 est.

297 2237 389 2307 ltaque
405 2236 488 2288 Turni
502 2254 609 2306 quoqne
626 2253 708 2308 genus
727 2231 760 2286 ab
776 2234 869 2287 eadem
885 2234 977 2286 Danae
994 2237 1135 2306 repetitum
1151 2250 1260 2308 aposta
1279 2241 1309 2290 in

262 2318 382 2368 versibus
396 2334 478 2386 supra
490 2315 644 2385 adscriptis:
656 2315 746 2366 Turno
756 2315 776 2364 1
777 2314 875 2366 nachar
883 2315 1050 2387 Acrisiusque
1054 2327 1153 2387 patres,
1163 2319 1312 2390 mediaque

261 2396 389 2466 Mycena.
402 2396 511 2447 Generis
523 2394 693 2464 splendorem
712 2396 814 2465 egregie
830 2397 934 2447 ornavit
954 2409 1049 2465 pocta,
1069 2398 1148 2448 etiam
1167 2401 1310 2449 nominum

261 2487 464 2544 vetttstate,pro
475 2473 588 2544 eoquod
599 2473 687 2525 dicere
696 2487 812 2544 poterat;
824 2473 857 2526 ab
865 2475 967 2546 Argivis
976 2475 1082 2547 regibus
1092 2477 1210 2528 Turnum
1220 2497 1308 2549 genus

262 2571 339 2604 suum
353 2553 466 2605 duxisse.
478 2553 610 2620 Acrisius,
623 2555 728 2605 Danaes
738 2567 830 2625 pater,
843 2555 999 2627 Argivorum
1017 2575 1077 2621 rex,
1092 2556 1126 2608 ab
1138 2557 1237 2609 lnacho
1249 2573 1309 2610 erat

263 2631 391 2683 oriundus
403 2631 495 2702 (hinc:
509 2631 623 2684 Inachus
631 2633 797 2704 Acrisiusque
806 2635 921 2705 patres),
933 2637 1042 2688 Perseus
1052 2649 1149 2701 autem,
1160 2637 1264 2689 Danaes
1274 2639 1306 2705 ἢ,

261 2713 387 2782 Mycenas
399 2712 570 2778 condiderat,
578 2713 704 2784 regnique
717 2712 807 2764 sedem
817 2715 931 2780 fecerat,
940 2715 1038 2766 relictis
1048 2717 1124 2786 Argis
1133 2716 1306 2787 Megapenthi

262 2791 341 2844 Proeti
356 2792 409 2844 lilio
419 2793 496 2864 (hinc
509 2816 514 2844 :
528 2792 671 2864 mediaque
684 2793 803 2862 Mycena
815 2812 864 2864 pro
875 2795 963 2846 media
975 2795 1105 2866 Gracia.)

297 2871 335 2921 Ex
346 2871 430 2924 Servii
439 2873 473 2924 ad
486 2872 530 2923 lib.
548 2872 610 2936 Vll,
624 2871 674 2941 372
688 2873 840 2924 narratione
856 2873 947 2926 Danae
965 2872 999 2924 ad
1011 2874 1114 2925 Italiam
1131 2872 1232 2938 delata,
1249 2874 1304 2945 rapi

264 2948 383 3020 (addunt
405 2951 450 3002 alii
468 2951 581 3002 Pilumni
597 2968 709 3015 nomen,
726 2951 885 3002 Rutulorum
902 2969 990 3023 regem
1006 2952 1134 3020 Pompon.
1153 2951 1214 3003 sah.
1233 2949 1305 3020 edit)

265 3031 433 3102 oblatasuit:
447 3032 495 3105 qui
511 3050 568 3082 eam
584 3029 633 3083 sihi
647 3030 718 3100 facit
729 3037 850 3092 uxoremj
864 3047 923 3081 cum
936 3050 989 3102 qua
1003 3031 1081 3082 etiam
1094 3031 1207 3082 Ardeam
1218 3029 1307 3082 candi·

264 3112 303 3163 dit
313 3131 321 3160 .·
333 3133 349 3162 α
362 3111 455 3184 quihus
470 3114 588 3164 Tamum
599 3107 657 3162 vult
665 3109 776 3182 (poeta)
786 3111 913 3182 originem
920 3112 1019 3164 ducere.
1033 3110 1105 3162 Nihil
1115 3111 1148 3163 dc
1157 3111 1198 3162 his
1209 3109 1304 3162 diserte

265 3191 389 3262 Virgilius
402 3214 408 3242 :
421 3191 468 3243 scd
479 3193 501 3242 is
511 3193 594 3242 Turni
604 3209 687 3262 genus
700 3190 753 3242 alia
766 3205 822 3242 arte
838 3190 872 3242 ad
886 3207 1015 3242 summam
1027 3190 1192 3242 nobilitatem
1206 3193 1306 3254 evexit,

264 3267 327 3320 dum
340 3271 364 3321 ei
376 3273 490 3338 majores
501 3269 643 3340 assignavit
651 3271 747 3320 veteris
761 3268 841 3320 ltaliae
851 3267 946 3320 heroes
956 3287 987 3320 ac
998 3268 1062 3321 deos
1072 3267 1200 3329 creditos;
1212 3286 1307 3338 quum-

266 3367 317 3421 que
330 3351 356 3401 in
369 3349 410 3400 his
421 3369 437 3401 a
449 3349 633 3400 communibus
644 3349 743 3400 fabulis
756 3348 921 3419 aliquantum
935 3348 1057 3412 recedat,
1072 3347 1240 3418 dispiciemus
1250 3346 1306 3399 hae

264 3428 356 3500 paullo
377 3417 516 3480 curiosius.
530 3428 590 3480 Alia
602 3429 720 3478 narratio
734 3427 806 3498 apud
818 3427 889 3478 Serv.
903 3427 937 3478 ad
949 3427 1021 3491 Vlll,
1041 3425 1092 3492 345
1112 3426 1244 3476 occurrit:
1257 3423 1308 3476 alii

263 3509 375 3558 Danaen
387 3525 445 3558 cum
459 3507 557 3558 duobus
567 3503 638 3578 filiis
654 3508 723 3579 Argo
735 3517 762 3556 et
776 3505 878 3578 Aryco,
900 3524 963 3577 quos
979 3505 1010 3556 de
1023 3504 1126 3556 Phineo
1141 3501 1248 3568 hahuit,
1261 3521 1308 3554 ve-

262 3591 326 3638 nisse
339 3588 366 3637 in
378 3585 486 3638 ltaliam
494 3625 502 3652 ,
515 3597 540 3638 et
552 3583 638 3638 locum
646 3624 654 3650 ,
669 3587 714 3636 uhi
728 3604 800 3638 nunc
810 3587 955 3649 Romaest,
969 3586 1093 3650 tenuisse,
1106 3584 1193 3655 ibique
1202 3583 1308 3655 Argum

264 3667 438 3738 Aboriginum
450 3666 550 3718 insidiis
563 3665 730 3736 interfectum
741 3663 796 3716 loco
807 3665 959 3738 (Argileto)
972 3683 1067 3716 nomen
1079 3664 1181 3715 dedisse.

299 3744 382 3795 Turni
395 3743 502 3814 quidem
513 3757 617 3815 patrem
630 3743 713 3796 edidit
725 3745 867 3810 Daunum,
879 3745 984 3795 nominc
1002 3744 1105 3814 antiqui
1120 3741 1191 3793 illius
1201 3742 1309 3808 Dauni,

264 3822 298 3874 dc
312 3840 364 3891 quo
377 3823 457 3874 modo
467 3838 644 3876 memoratum
655 3838 708 3891 est,
721 3843 737 3876 a
749 3843 801 3895 quo
817 3837 904 3876 tamen
916 3823 1050 3876 diversum
1062 3843 1121 3876 eum
1132 3835 1249 3874 statuere
1258 3841 1307 3874 ne-

264 3919 336 3953 cesse
356 3915 402 3953 est.
421 3903 462 3954 Ab
482 3904 534 3956 hoc
553 3905 725 3978 designantur
743 3903 850 3956 Rutuli:
864 3905 972 3956 Daunia
984 3924 1063 3977 qens,
1080 3902 1188 3956 Daunia
1198 3900 1308 3973 plebes.-

263 3981 371 4054 agitque
381 3981 414 4036 de
426 4001 459 4036 eo
470 3997 551 4054 poeta
563 3986 615 4053 sic,
628 4003 659 4038 ac
672 3986 694 4038 si
705 3985 749 4038 ille
760 4003 794 4045 ea
802 3983 862 4039 loca
870 3997 931 4039 ante
941 3987 1061 4040 Turnum
1072 3983 1215 4052 tenuisset,
1228 3999 1311 4036 senex
