3028 4682
317 381 379 449 272
563 358 598 421 r.
621 356 852 422 vinortu
875 359 1105 430 Minonis

314 486 393 551 Orta
406 480 494 550 dies:
509 480 641 562 urbem,
655 497 688 547 et
700 481 788 561 finis,
802 499 836 546 et
846 483 942 550 litora
954 489 1060 574 gentis

312 591 442 656 Diversi
454 588 720 678 explorant3haec
733 589 833 653 fontis
846 607 959 678 stagna
970 594 1115 675 NumicI,
1311 609 1359 655 150

313 698 412 762 Hunc
422 695 583 784 Thybrim
595 694 747 773 fluvium,
760 695 815 760 hic
827 697 920 762 fortis
933 697 1079 764 habitare
1092 700 1236 766 Latinos

310 805 400 868 Tum
412 819 499 867 satus
511 799 652 866 Anchisa
664 797 810 866 delectos
822 800 938 866 ordine
950 802 991 868 ab
1004 807 1096 870 omni

310 911 451 974 Centum
464 923 609 972 oratores
620 921 757 992 augusta
768 903 811 970 ad
822 908 942 971 moenia
955 909 1040 996 regis

310 1019 363 1081 Ire
371 1013 480 1107 jubet,
493 1015 591 1078 ramis
603 1013 726 1078 velatos
739 1013 877 1078 Palladis
890 1037 1019 1096 omnes,

310 1126 472 1212 Donaque
483 1121 570 1185 ferre
582 1121 666 1198 viro,
680 1142 863 1209 pacemque
876 1143 1054 1210 exposcere
1066 1123 1214 1189 Teucris.
1309 1137 1351 1182 1⁵⁵

309 1227 408 1295 Haud
420 1249 526 1306 mora,
539 1227 694 1290 festinant
702 1225 799 1315 jussi,
813 1224 1003 1314 rapidisque
1015 1227 1169 1292 feruntur

308 1333 470 1402 Passibua
484 1333 558 1421 Ipse
570 1330 689 1396 humili
701 1330 850 1420 designat
860 1333 981 1396 moenia
994 1333 1094 1415 fossa,

307 1525 370 1572 Pler.
383 1525 457 1570 Etiam
471 1520 610 1568 BenedIctut
622 1531 725 1566 veterem
737 1518 862 1566 lectionem
875 1535 925 1568 esse
937 1524 981 1578 ait,
993 1538 1045 1568 enm
1055 1524 1135 1584 primo.
1147 1545 1179 1557 -
1192 1519 1242 1566 150.
1256 1519 1352 1568 Diuersa

307 1595 401 1656 Menag.
414 1610 449 1656 pr.
461 1609 475 1638 a
486 1608 516 1638 111.
529 1607 565 1654 pr.
577 1607 605 1637 ex
616 1607 638 1638 v.
654 1589 703 1636 131.
716 1589 750 1636 luc
756 1591 779 1654 s.
793 1591 897 1637 Parrhas.
911 1605 933 1638 et
945 1595 1012 1640 Witt.
1026 1595 1135 1640 Serviane
1146 1593 1215 1639 etiam
1229 1591 1254 1638 b.
1266 1591 1282 1637 l.
1294 1609 1351 1638 eor-

306 1663 405 1728 ruptelle
417 1675 441 1710 et
451 1663 657 1709 Grammaticorum
671 1663 739 1724 ungit
751 1673 847 1708 natent.
862 1662 909 1708 Sed
920 1667 1017 1710 omnino
1030 1679 1104 1728 pauca
1117 1677 1171 1710 sunt
1185 1665 1209 1708 ln
1221 1665 1264 1709 ina
1275 1663 1351 1709 fam-

307 1739 374 1798 gine,
386 1751 450 1798 que,
462 1732 526 1779 nulla
539 1731 698 1796 exploratione
712 1735 810 1794 previa,
822 1731 906 1780 tollere
918 1751 944 1780 ac
955 1737 1071 1798 suscipere
1081 1750 1105 1781 se
1114 1751 1181 1798 poete
1192 1734 1352 1781 adolescentes

303 1807 351 1852 sibi
362 1802 517 1868 persuadeant
525 1801 603 1848 velim.
613 1802 705 1848 Habent
713 1805 822 1850 Seruiana
832 1801 926 1850 laudem
935 1820 1013 1862 suam,
1024 1806 1065 1852 sed
1074 1819 1122 1850 non
1132 1804 1204 1862 bano,
1214 1819 1283 1868 quam
1291 1803 1350 1849 milri

305 1878 351 1938 ipsi
367 1874 493 1938 aliquando
508 1873 648 1936 persuadere
664 1873 785 1928 volebam,
802 1887 829 1920 ut
845 1875 875 1921 ad
890 1878 1024 1924 interiorem
1042 1889 1117 1940 poete
1133 1879 1351 1940 interpretationem

305 1945 379 1992 multa
388 1945 444 1992 iude
453 1945 564 1990 lucrarer.
572 1969 603 1980 -
613 1946 664 1990 150.
676 1947 768 1990 Numici
777 1947 870 2008 scripu,
880 1961 934 1992 narn
944 1960 979 1994 eet
988 1949 1114 1994 Numero.
1121 1971 1153 1982 -
1163 1949 1213 1993 151.
1224 1946 1300 2009 birros.
1309 1962 1347 2008 pr.

305 2016 414 2063 llottend.
426 2040 457 2051 -
472 2015 521 2061 151.
533 2015 610 2061 ordine
620 2015 649 2060 ob
661 2018 722 2061 omni
732 2016 770 2060 Jo.
780 2015 902 2064 Schrader.
917 2018 1037 2074 emendat,
1048 2019 1135 2082 optuitu
1145 2015 1174 2062 ab
1185 2021 1256 2072 omni,
1267 2029 1293 2062 ut
1304 2017 1348 2072 III,

304 2089 343 2134 6⁰.
353 2088 399 2134 Sed
408 2105 429 2134 v.
439 2087 530 2132 Noum.
540 2111 572 2122 -
583 2087 633 2132 153.
646 2095 742 2151 enpusto
753 2088 813 2132 Ven.
824 2111 855 2122 -
867 2088 917 2145 154.
928 2103 1003 2135 ramos
1014 2101 1061 2135 tres
1071 2089 1172 2146 ticinen,
1185 2089 1235 2152 ipae
1246 2086 1347 2134 malebtt

304 2174 375 2205 mmo.
384 2182 416 2194 -
428 2157 478 2203 155.
488 2158 547 2202 utros
556 2172 592 2219 pr.
602 2157 712 2204 Ilottend.
717 2157 783 2220 sem
788 2157 854 2221 jude!
863 2158 924 2204 Gud.
935 2176 947 2205 1
957 2176 988 2205 nr.
998 2175 1045 2206 sec.

302 2331 482 2391 procurrunt,
494 2316 610 2370 habitari
630 2318 692 2371 loon
704 2339 719 2370 a
730 2318 802 2371 Lati·
850 2317 923 2390 apud
930 2319 1034 2372 Graecos
1042 2339 1067 2373 v.
1077 2341 1100 2374 c.
1109 2319 1234 2393 Sophocl.
1243 2318 1312 2372 OEd.
1320 2319 1345 2372 3.

301 2401 344 2450 nis
361 2399 512 2450 resciscunt.
530 2397 636 2447 Numici
649 2395 736 2467 sontt's
751 2409 801 2449 sto·
849 2396 952 2468 ἱκτηρίοις
966 2397 1082 2454 striderent
1090 2397 1256 2468 ίξισπιμμίνοι.
1270 2399 1346 2452 Seili-

299 2496 353 2548 9no
365 2477 426 2528 vide
442 2479 468 2528 in
480 2477 587 2526 Excurs.
600 2478 636 2528 III
650 2475 723 2528 adh.
736 2477 797 2529 libr.
848 2492 890 2531 cet
907 2473 1053 2544 eripiebat,
1073 2479 1156 2532 velari
1163 2518 1172 2546 ,
1192 2482 1299 2552 proprie
1312 2477 1346 2531 de

301 2557 425 2607 Ceterum
441 2553 539 2607 abhoc
558 2553 619 2606 inde
631 2554 692 2606 loco
705 2555 799 2607 obser·
848 2557 955 2610 corollis
974 2573 1000 2612 et
1016 2563 1088 2613 vittis
1100 2559 1169 2630 (vid.
1182 2561 1216 2613 ad
1229 2562 1266 2626 V,
1279 2559 1327 2631 7²)
1335 2597 1344 2624 ,

299 2633 580 2704 vandum,quornodo
598 2637 625 2685 in
642 2652 798 2687 summare·
848 2655 906 2707 quse
929 2639 1065 2706 ambiunt,
1087 2639 1209 2710 adeoque
1234 2652 1346 2712 tegunt,

299 2733 360 2766 rum
380 2727 406 2767 et
426 2714 563 2765 hominurn
582 2715 710 2766 tenuitate
726 2714 797 2787 lega·
847 2717 1123 2791 frontem,teurpora.
1138 2719 1284 2771 Transtulit
1293 2718 1347 2770 hoc

299 2797 399 2848 tionem
411 2796 517 2846 missam
531 2807 558 2846 et
570 2807 705 2866 exceptant
719 2813 797 2847 orna·
846 2809 928 2866 poeta
948 2797 983 2850 ad
1003 2817 1091 2850 carnos
1113 2800 1184 2850 vittis
1205 2811 1231 2851 et
1255 2797 1346 2849 infulis

300 2877 381 2940 verit,
404 2885 430 2926 et
455 2869 490 2926 ad
513 2873 670 2945 dignitatem
701 2876 796 2927 miram
846 2873 1009 2942 obvolutos,
1031 2880 1077 2949 qui
1098 2878 1307 2949 proferebantur
1329 2896 1347 2928 a

299 2955 436 3018 extulerit,
455 2955 552 3024 partim
571 2971 660 3005 rerum
679 2952 796 3026 deserip-
844 2953 1029 3025 supplicibus,
1042 2969 1068 3008 et
1087 2957 1244 3010 tenebantur
1259 2957 1345 3008 mani-

298 3035 415 3087 tionibus
428 3047 454 3086 et
466 3033 613 3103 adjunctis,
627 3036 726 3105 partim
737 3054 795 3088 ver·
843 3033 900 3086 bus.
909 3033 1060 3087 Sedinlulis
1071 3050 1097 3089 et
1108 3039 1179 3088 vittis
1191 3035 1345 3108 dependen-

297 3115 339 3168 bis
352 3114 534 3186 amplioribus.
694 3146 696 3150 ·
843 3115 914 3167 tibus
926 3134 942 3168 a
960 3133 1035 3166 ramo
1046 3135 1140 3170 manus
1157 3119 1219 3188 ipsae
1230 3117 1344 3188 obtege-

335 3193 497 3248 152-156.
520 3191 629 3246 delectos
650 3193 741 3244 ordine
760 3195 794 3246 ab
842 3193 958 3262 bantur,
978 3194 1048 3248 unde
1071 3215 1164 3248 manns
1185 3194 1292 3254 oelotoee
1316 3208 1345 3246 et

296 3273 561 3340 omni‚oxomnibus
576 3273 793 3336 ordinibus5non
843 3271 913 3326 dicta
940 3273 1003 3326 hino
1029 3272 1175 3327 velamenta
1202 3276 1255 3345 ipsi
1274 3275 1343 3326 rami

297 3369 336 3408 est
349 3353 505 3427 urgendum.
528 3355 607 3406 ramis
620 3353 713 3406 uelatos
733 3355 795 3407 1²01-
842 3354 936 3408 vittati.
959 3356 1042 3426 Igitur
1065 3353 1145 3406 veluti
1168 3355 1270 3420 ramis,
1294 3351 1343 3406 ha·

296 3434 370 3488 Indis.
383 3431 507 3502 innuptae,
521 3431 629 3485 frondea
641 3433 793 3506 oleagineos
842 3430 934 3485 bentes
962 3451 1050 3485 ramos
1074 3435 1183 3485 rittntos
1208 3433 1340 3486 manibus.

295 3517 402 3568 vittatae
414 3513 670 3583 manibusprnlerre
681 3513 794 3584 putandi
839 3529 950 3581 pacem,
970 3509 1057 3564 Ioedus
1083 3524 1110 3564 et
1132 3514 1291 3578 amicitiant,
1310 3523 1342 3564 ut

295 3607 372 3660 aunt,
389 3593 461 3646 unde
477 3593 547 3644 inira
563 3611 588 3643 v.
606 3593 666 3644 236.
678 3593 743 3664 237,
760 3611 793 3645 ne
842 3591 913 3642 etal.

295 3683 403 3738 temne,
430 3673 502 3745 qnod
531 3669 600 3722 altro
625 3670 794 3741 meerimus
880 3669 1032 3742 157—159.
1054 3675 1171 3726 Castrum
1187 3672 1239 3724 hoe
1257 3672 1342 3742 Trojoe

271 3789 275 3796 .
295 3749 417 3801 manibus
428 3753 504 3804 vittae
514 3768 546 3801 oc
558 3750 633 3801 verba
646 3750 792 3820 precantia.
842 3763 881 3802 est
893 3769 959 3803 :tseu
975 3752 1052 3825 Troja
1065 3773 1148 3820 nova,
1162 3773 1178 3806 s
1189 3766 1263 3824 parte
1278 3751 1343 3804 dex·

295 3828 346 3878 lies
356 3831 412 3898 ipsa
422 3832 484 3881 satis
494 3841 571 3880 nota:
582 3830 653 3880 conf.
664 3828 712 3880 inl.
724 3831 792 3896 VIII,
842 3841 884 3880 tra
901 3831 1018 3883 Tiberim
1039 3834 1217 3904 precingens,
1233 3832 1342 3882 adstan-

298 3907 355 3958 116.
375 3909 431 3959 118.
444 3909 496 3972 XI,
513 3908 581 3972 3³2,
598 3908 645 3960 sed
664 3908 697 3961 de
715 3908 793 3960 modo
841 3909 912 3961 tibus
931 3910 1123 3984 subductisque
1140 3932 1156 3966 a
1173 3926 1246 3984 tergo
1267 3913 1341 3980 napi·

295 3978 424 4055 loquendi
448 3999 548 4057 quaerat
574 3986 677 4058 aIIquis.
703 3987 746 4040 Sic
765 4001 793 4040 et
840 3987 1339 4063 busnsinietrocumpusadmsreper-

293 4062 341 4116 tut.
355 4065 408 4132 tu,
429 4080 473 4117 tot
492 4063 573 4116 velati
590 4067 669 4119 ramis
687 4064 750 4118 oleae
766 4080 793 4122 st
840 4072 991 4143 ‘tiugeusun
998 4091 1051 4144 quo
1064 4075 1111 4124 inl.
1120 4072 1168 4126 lib.
1176 4070 1340 4141 IXRutulos,
