3022 4682
532 441 566 503 P.
591 439 821 503 VlllGlLll
845 441 1077 506 MARONIS

280 563 372 628 Stant
383 563 449 629 sale
462 563 637 652 Tyrrheno
649 564 777 628 classes.
792 565 841 626 Da
848 563 988 652 jungere
1001 563 1162 644 dextram,

280 671 344 748 Da,
359 671 502 756 genitam
516 686 616 757 teque
628 669 781 757 amplexu
793 692 836 734 ne
848 669 1004 734 subtrahe
1018 688 1140 736 nostro.
1154 700 1167 729 ι

280 775 332 840 Sic
345 797 530 847 memorans
543 773 635 861 largo
648 775 727 838 lletu
740 775 838 839 simul
850 797 907 840 ora
919 776 1054 864 rigabat.

278 883 347 946 Ter
359 899 494 947 conatus
507 881 552 944 ibi
565 881 653 945 collo
665 879 743 945 dare
755 880 888 946 brachia
900 883 1039 964 circttm3

279 990 348 1052 Ter
360 989 480 1052 frustra
492 1010 675 1076 conprensa
689 1010 805 1052 manus
819 989 937 1076 effugit
949 989 1071 1077 imago,

279 1099 343 1160 Par
354 1097 618 1178 levibus-ventis,
632 1096 827 1184 volucrique
840 1096 1004 1160 simillima
1017 1119 1144 1161 somno.

326 1207 454 1268 Interea
468 1203 558 1268 videt
571 1205 686 1268 AEneas
700 1205 733 1266 in
746 1203 829 1267 valle
843 1203 979 1268 reducta

281 1309 452 1376 Seclusum
468 1331 599 1388 nemus,
615 1326 648 1373 et
659 1309 799 1397 virgulta
811 1310 960 1374 sonantia
973 1310 1076 1389 silvis,

286 441 360 530 182,

279 1454 358 1498 Burin.
369 1457 426 1516 coqit
434 1452 497 1498 adine
508 1469 569 1499 unus
581 1453 665 1498 Moret.
679 1453 741 1497 adire
750 1452 911 1516 ndeqr'tFrane.
922 1477 953 1488 -
962 1451 1015 1512 (199.
1027 1452 1069 1496 Dic
1081 1453 1161 1497 Franc.
1173 1449 1275 1516 rtpnbattt
1284 1452 1327 1498 ali-

281 1534 340 1584 quot
354 1524 414 1568 Pier.
424 1549 454 1557 —
468 1540 519 1584 7⁰⁰·
533 1522 880 1585 darecollalllontalb.-701.
893 1532 973 1568 cnrmtn
985 1523 1045 1568 alter
1057 1522 1137 1567 llamh.
1154 1539 1206 1567 am.
1218 1539 1252 1584 pr.
1268 1539 1329 1568 com-

280 1606 359 1654 pressu
371 1592 438 1637 multi
454 1595 532 1638 Burni.
551 1593 598 1638 vid.
614 1595 647 1650 ll,
663 1609 721 1655 792,
732 1593 771 1638 ubi
784 1593 856 1638 iidem
870 1605 915 1638 tres
927 1608 1021 1638 versus:
1035 1592 1065 1636 cl.
1082 1592 1166 1651 Georq.
1178 1593 1221 1646 lV,
1234 1592 1287 1652 499.
1299 1617 1330 1628 -

281 1665 426 1722 702.somnio
434 1666 496 1724 conj.
506 1667 564 1710 'l'an¹
574 1665 656 1710 Faber.
665 1664 736 1710 lllalc.
747 1663 810 1708 roni.
821 1663 878 1710 ibid.
885 1663 974 1724 —7o3.
986 1663 1098 1708 Proeteren
1107 1663 1173 1708 Witt.
1182 1663 1266 1708 AEneas
1276 1665 1331 1708 uidit

280 1745 317 1790 pr.
328 1731 409 1776 liamb.
420 1735 474 1778 vidit
487 1737 555 1780 ctiam
566 1738 590 1780 in
605 1735 664 1780 aliis.
675 1751 696 1778 u.
706 1743 794 1796 recepta
810 1735 902 1796 Menaq.
914 1751 948 1796 pr.
961 1751 982 1780 v.
996 1735 1037 1778 inf.
1049 1734 1114 1788 Viti,
1127 1733 1180 1794 liop.
1191 1760 1221 1768 —
1233 1733 1285 1796 7⁰i·
1300 1735 1333 1780 Et

280 1799 370 1846 clusum
383 1805 482 1849 Dorsill.
493 1805 616 1852 Reclusnm
626 1808 692 1850 llonn
703 1807 757 1850 bloi
768 1805 833 1850 libris
844 1807 938 1866 optimis
949 1818 972 1850 et
984 1806 1144 1850 vetustissimis
1160 1805 1246 1852 insidet
1262 1804 1333 1851 lectio

282 1870 357 1928 silvoe,
368 1877 401 1920 mi
410 1876 495 1922 bledic.
505 1896 516 1922 a
527 1895 558 1923 m.
570 1895 605 1942 pr.
616 1878 676 1923 sud.
685 1879 751 1922 iloni.
762 1875 855 1930 etaliis,
864 1877 926 1922 etsie
937 1875 1076 1922 emendabat
1086 1875 1226 1922 Benedictus
1234 1877 1330 1920 iniunt.

282 1943 358 1990 Possis
369 1947 446 2008 itaque
457 1951 598 2010 conjectare,
609 1948 733 1994 lectionem
744 1949 899 2009 antiquiorem
908 1947 987 2002 fuisse,
999 1947 1047 1992 sire
1057 1945 1130 2002 illam,
1140 1948 1187 1992 siue
1199 1945 1263 1992 silva.
1271 1944 1334 1990 silvis

282 2026 360 2059 autem
374 2015 494 2064 advenisse
512 2035 539 2064 ex
553 2019 626 2066 altero
642 2019 695 2065 loro
709 2017 750 2063 lib.
772 2019 815 2072 lll,
832 2017 876 2072 ida
890 2017 981 2062 Averna
998 2019 1102 2062 sonantia
1113 2015 1182 2062 silvis.
1195 2017 1242 2062 Sed
1257 2015 1334 2072 silut's,

282 2085 347 2148 quod
362 2087 448 2134 Medic.
466 2107 478 2134 a
493 2107 524 2135 m.
537 2107 583 2137 sec.
597 2091 681 2147 habet,
703 2093 734 2135 ita
746 2102 772 2134 ut
785 2091 916 2152 Aproniana
931 2104 979 2134 esse
991 2088 1097 2134 videatur
1109 2087 1194 2144 lertio,
1207 2090 1334 2134 auctorita-

280 2170 328 2200 tem
341 2157 396 2203 iacit
405 2159 530 2208 blcdireus
541 2165 610 2208 Pierii
622 2175 644 2208 et
654 2163 735 2222 l'raqm.
747 2163 821 2206 Vatic.
832 2178 838 2214 ;
848 2160 909 2206 adde
920 2161 989 2206 binos
999 2177 1014 2223 ε,
1024 2159 1093 2206 Goth.
1106 2160 1191 2222 Estque
1205 2177 1231 2206 ca
1243 2159 1333 2206 doctior

285 2226 356 2274 lectio
367 2247 372 2275 :
382 2247 436 2276 nam
452 2233 551 2298 uirqnlta
562 2237 665 2280 sonantia
676 2233 737 2278 siluis
749 2232 808 2278 nibil
821 2232 886 2278 aliud
903 2245 969 2287 sunt,
984 2249 1054 2294 quam
1065 2230 1162 2296 viryulta
1178 2230 1285 2277 siluarum
1301 2245 1334 2286 s.,

281 2298 389 2362 adeoque
397 2302 550 2365 simpliciter,
560 2305 623 2351 silvie
633 2313 736 2352 sonoritas
745 2321 776 2350 sc.
787 2305 850 2350 venti
861 2303 924 2349 flatu.
938 2303 1223 2352 Minutbcneconstituas
1237 2319 1258 2348 υ.
1269 2299 1335 2348 ssi!-

284 2373 330 2425 vis,
339 2371 362 2416 Ιι.
374 2389 394 2418 c.
407 2374 530 2434 silvarum,
541 2378 649 2423 arborum
660 2379 773 2438 strepitu,
785 2379 873 2421 utrivis
885 2385 989 2422 sonantes
997 2373 1073 2429 silure,
1084 2388 1218 2421 resonantes
1225 2375 1267 2420 risi
1275 2385 1337 2420 stre.-

283 2442 336 2500 pitu
345 2444 398 2488 sint.
415 2446 444 2489 Ut
457 2463 512 2492 vero
528 2446 573 2492 hoc
588 2448 637 2493 lieri
651 2449 736 2508 possit,
747 2458 772 2491 ut
782 2454 872 2501 sonent,
885 2461 927 2492 seu
938 2459 1041 2508 strepant
1053 2445 1162 2500 arbores,
1181 2459 1275 2490 necesse
1287 2454 1335 2496 est,

283 2510 386 2574 Elysium
398 2531 464 2562 auras
474 2533 526 2564 suas
541 2533 563 2564 et
577 2518 695 2582 Zephyros
707 2517 810 2572 habere3
821 2517 850 2564 dc
863 2533 910 2580 quo
923 2518 1025 2564 dubitari
1037 2518 1133 2580 nequit,
1151 2517 1272 2578 praeiverat
1283 2514 1333 2574 jam

321 2631 483 2699 701—703.
514 2633 585 2683 Nota
613 2635 726 2684 imitatio
753 2651 785 2684 ex

284 2709 379 2780 Odyss.
393 2723 419 2768 λ,
434 2709 484 2762 303
506 2729 545 2780 sq.
569 2711 643 2762 iliad.
666 2713 700 2777 ψ,
726 2729 782 2763 ιοο.

222 2785 223 2788 “
285 2789 363 2840 Coni.
376 2787 423 2840 Ge.
437 2791 485 2853 lV,
506 2791 571 2860 499,
586 2805 611 2843 et
624 2789 657 2844 (le
671 2793 784 2845 Hercule

285 2868 369 2920 simile
383 2868 447 2938 quid
460 2870 532 2938 apud
551 2870 675 2940 Apollod.
696 2873 731 2936 ll,
752 2870 784 2943 5,

288 2967 335 3012 ia,
348 2968 409 3020 pag.
433 2949 629 3012 121.Adtle,si
650 2953 717 3003 tanti
729 2965 784 3019 est,

283 3031 367 3081 lensii
388 3029 465 3080 Obss.
488 3027 521 3080 de
543 3029 608 3080 Stilo
628 3031 735 3082 Homer.
756 3050 783 3100 p.

287 3111 347 3176 289.

321 3187 372 3258 7⁰3
385 3207 443 3258 sqq.
459 3190 520 3239 Haec
529 3190 584 3256 jam
601 3189 741 3240 manifeste
754 3209 784 3241 ex

285 3267 428 3320 Platonicis
441 3267 550 3339 mytbis3
563 3287 676 3338 qnorum
687 3268 786 3320 fundus

285 3351 311 3399 in
352 3347 575 3420 Pythagoreorum
614 3349 785 3419 opinionibus

282 3429 453 3481 substractus
465 3442 530 3481 erat.
544 3430 598 3482 Etsi
612 3433 681 3482 anim
693 3433 784 3500 opinio

285 3511 318 3561 tle
331 3509 418 3562 reditu
430 3512 576 3560 animarum
587 3512 613 3560 in
623 3513 703 3560 vitam
715 3529 786 3562 cam-

284 3668 441 3738 hypothesi,
458 3683 486 3720 ut
503 3681 625 3738 putatur,
639 3669 685 3720 sed
707 3689 723 3720 a
742 3687 786 3720 va·

285 3749 331 3798 riis
338 3747 382 3799 illa
389 3751 549 3819 argumentis
558 3763 583 3801 et
592 3749 697 3802 indiciis
707 3749 785 3801 docte

286 3826 447 3897 indocteque
459 3831 542 3897 potita
554 3828 564 3898 i
578 3847 600 3879 v.
618 3849 641 3880 c.
658 3847 673 3880 a
691 3841 784 3880 mutuo

286 3907 395 3956 interitu
407 3919 520 3976 ortuque
533 3911 651 3960 omnium
662 3927 748 3961 reram
759 3909 784 3977 ),

288 3997 334 4036 aut
356 3987 382 4038 in
407 3987 553 4039 subsidium
578 3989 700 4042 adsumta
726 3985 784 4042 aliis

286 4065 415 4118 doctrinis
436 4067 600 4119 fulciendis:
621 4071 724 4120 Platoni
746 4084 786 4122 ta-

287 4166 361 4210 men,
374 4151 396 4199 si
409 4165 463 4198 non
477 4146 599 4198 doctrina
617 4147 651 4200 de
667 4149 785 4201 subeun-

834 2631 874 2682 dis
888 2647 949 2685 ante
964 2635 1103 2684 transitum
1123 2635 1150 2682 in
1166 2649 1265 2681 norum
1277 2645 1336 2678 cor·

833 2731 883 2781 pus
916 2715 1022 2774 inferis,
1054 2731 1134 2783 quam
1160 2723 1186 2762 et
1219 2709 1336 2782 AEgyptii

834 2805 957 2859 tenuere,
974 2813 1005 2846 ac
1024 2793 1057 2845 tle
1079 2793 1252 2863 purgatione,
1276 2807 1334 2858 quae

834 2875 915 2923 initiis
924 2871 1064 2926 assisinati}
1073 2873 1242 2941 frequentata
1252 2870 1335 2919 luisse

833 2953 952 3016 uidetur,
978 2953 1120 3023 peculiaris
1140 2963 1227 3002 tamen
1253 2949 1335 2999 fuisso

834 3032 939 3084 vitietur
958 3032 1005 3085 illa
1025 3033 1149 3084 doctrina
1165 3029 1198 3082 de
1217 3027 1335 3081 bibenda

835 3125 895 3163 ante
907 3112 1020 3163 retlitnm
1033 3111 1123 3164 Lethe.
1134 3129 1159 3160 v.
1171 3109 1204 3161 de
1216 3111 1280 3180 liep¹
1294 3107 1334 3167 X,

834 3212 895 3262 pag.
904 3192 953 3260 705
964 3194 1018 3242 Fri.
1026 3193 1092 3262 plia
1100 3192 1156 3239 ι.Α.
1164 3189 1335 3259 Steplidnqe·

835 3275 940 3322 niosum
953 3273 1045 3341 utique
1056 3282 1244 3336 commentum,
1252 3285 1333 3338 quum

835 3371 904 3404 nova
916 3355 983 3416 vita,
997 3369 1066 3404 nova
1078 3353 1205 3414 infantia,
1218 3349 1336 3400 ineunda

835 3437 875 3485 sit.
888 3435 1041 3484 Anterotem
1058 3447 1118 3482 cnm
1128 3432 1232 3481 inversa
1246 3429 1337 3480 facula

834 3511 956 3564 nonnulli
970 3509 1004 3562 ad
1016 3509 1068 3560 hoc
1078 3513 1165 3582 ipsum
1176 3508 1271 3580 dogma
1281 3525 1336 3557 non

835 3591 904 3643 male
916 3588 1104 3652 traduxerunt,
1117 3589 1165 3640 etsi
1186 3590 1207 3638 is
1227 3587 1336 3656 proprie

836 3672 871 3722 ad
888 3671 985 3720 amoris
1004 3667 1165 3720 oblivionem
1188 3665 1335 3739 spectabat.

835 3769 860 3801 v.
872 3749 951 3802 Ouid.
965 3751 995 3800 A.
1008 3748 1115 3802 llemed.
1131 3749 1178 3801 551
1191 3763 1248 3818 sqq.

870 3831 930 3900 7⁰i·
958 3829 1074 3902 virqulta
1105 3827 1227 3880 sonantia
1256 3823 1334 3876 silvis.

834 3913 906 3964 later
921 3911 1010 3981 plures
1030 3908 1138 3973 modos,
1155 3906 1253 3976 quibus
1266 3905 1334 3954 aeci·

833 3994 906 4062 pias,
920 3989 1086 4062 probabilior
1101 3999 1141 4039 est
1159 3985 1217 4052 bic,
1235 3996 1265 4034 nt
1283 3984 1337 4033 sint

835 4073 907 4125 dicta
915 4091 964 4144 pro
972 4069 1092 4141 virgultis
1102 4069 1228 4120 silvarum
1239 4083 1336 4116 sonan-

835 4153 920 4215 tibus,
933 4151 1053 4220 adaoque
1067 4149 1190 4210 omnino,
1208 4147 1279 4198 silvas
1294 4163 1336 4196 so-
