3028 4682
274 389 338 455 128
597 385 863 452 EXGURSUS
885 389 987 454 Vlll

307 513 370 562 Non
382 507 476 581 procul
487 507 550 560 lrinc
564 509 656 580 Campi
667 509 808 581 Luqeates,
821 529 868 562 sen
880 511 1025 583 lugentium
1037 511 1130 566 sedes:
1144 532 1210 586 quas
1222 527 1314 568 tenent

272 591 326 656 illi,
345 589 393 662 qai
410 588 527 640 locatim
549 599 630 640 morte
649 589 787 640 interiere.-
801 590 852 660 439
861 621 896 632 -—
907 592 967 662 476.
979 592 1017 643 Ex
1028 592 1068 644 his
1082 596 1202 666 inprimis
1214 615 1313 648 memo·

273 683 365 722 rantur
382 667 495 720 heroine
507 677 532 718 et
544 666 745 737 feminoe=claroe
757 671 847 722 veteris
859 672 909 722 oevt'
915 710 925 736 ‚
937 674 1059 742 interque
1075 692 1120 726 eas
1132 678 1211 726 etiam
1223 677 1314 728 misere

272 760 397 801 amantes.
412 746 497 820 Vulgo
513 747 620 818 quidem
632 747 763 819 ablntpp.
777 750 868 800 mucre
877 751 1026 802 amantium
1043 753 1119 806 sedes
1135 773 1192 807 esse
1204 754 1315 807 tradun-

272 840 327 890 tur,
339 827 470 896 Lugentes
484 825 585 894 Campi.
599 825 739 878 Enimvero
752 829 790 877 sic
801 846 897 899 magna
907 828 1050 882 difficultas
1060 835 1160 896 oritur,
1177 832 1312 904 quomodo

272 903 396 975 Eriphyle
408 916 434 955 et
450 903 534 955 Canis
547 905 616 956 inter
634 905 728 957 misere
750 918 868 958 amantes
886 908 979 958 referri
991 911 1103 979 possint.
1124 910 1175 962 Sed
1189 913 1273 982 iniqui
1284 914 1314 962 in

271 995 379 1054 poetam
390 981 514 1034 videntur
527 999 584 1034 essa
599 983 649 1034 riri
665 982 754 1035 docti:
773 1002 799 1034 v.
816 983 913 1037 Natam
927 985 961 1036 ad
979 1003 1002 1036 v.
1020 986 1072 1053 440
1084 1005 1142 1058 sqq.
1156 989 1195 1040 lta
1213 990 1315 1042 seilicet

272 1059 448 1130 dispescenda
469 1073 508 1112 est
526 1062 612 1113 oratio
630 1079 655 1112 v.
678 1061 729 1130 439
749 1079 807 1132 sqq.
827 1063 923 1114 Hie-
935 1062 1064 1133 Laqentes
1087 1067 1180 1138 Campi
1188 1088 1241 1116 —r
1260 1067 1315 1118 Hic

271 1141 400 1210 primum,
421 1157 485 1211 quos
509 1139 589 1192 daras
608 1157 684 1190 amar
705 1153 755 1192 etc.
778 1140 847 1192 Tum
871 1140 910 1193 tis
930 1141 1070 1194 Pboedram
1090 1145 1254 1217 Procriaque
1276 1143 1315 1198 lo·

271 1237 307 1271 cu
318 1231 368 1271 etc.

308 1299 515 1372 Contiguaillis,
526 1311 565 1365 et,
576 1301 678 1352 sirecte
690 1299 823 1371 intelligo,
835 1301 863 1352 in
875 1313 991 1356 extrema
1000 1301 1174 1376 camporum,
1186 1323 1253 1376 quos
1262 1306 1315 1358 Lu-

273 1392 364 1451 gentes
377 1392 476 1446 tenent,
488 1393 574 1450 parte,
584 1382 634 1432 sita
646 1393 687 1432 est
699 1379 774 1431 sedes
783 1379 898 1430 virorum
907 1378 975 1432 ballo
983 1379 1124 1450 clarorum,
1137 1397 1163 1436 et
1172 1387 1240 1438 inter
1251 1404 1316 1457 pug-

272 1457 392 1510 nandum
404 1476 549 1511 caesorum:
568 1459 638 1510 Arva
653 1458 764 1522 ultima,
781 1476 805 1508 v.
826 1457 876 1526 477
889 1487 923 1496 -
938 1456 1051 1528 539.1ιο
1066 1465 1198 1534 excipiunt
1215 1483 1242 1516 se
1254 1463 1316 1516 loca

273 1557 381 1604 eorum,
404 1539 449 1608 qui
472 1549 556 1589 morte
577 1535 651 1589 haud
672 1550 776 1588 matura
795 1538 934 1602 interiere,
956 1539 1104 1605 infantum,
1127 1541 1314 1605 heminarum,

274 1617 405 1670 heroum:
426 1633 565 1668 commune
587 1615 710 1666 omnibus
734 1613 806 1682 hoc,
825 1613 899 1685 quod
920 1613 1038 1668 debitum
1056 1621 1116 1670 vitta
1138 1633 1241 1692 tempus
1259 1638 1314 1672 non

273 1716 320 1750 exe
339 1707 425 1749 erunt,

308 1717 401 1846 linque
414 1775 483 1826 trina
495 1773 541 1824 illa
551 1771 612 1825 loca
624 1775 748 1824 citeriora
758 1773 866 1824 omnino
879 1773 971 1826 eorum
984 1775 1084 1828 animas
1098 1779 1250 1842 continent,
1269 1780 1314 1848 qui

274 1857 415 1908 immatura
427 1868 511 1906 morte
524 1853 661 1915 obierunt;
673 1855 722 1906 etsi
732 1865 812 1924 poeta
824 1856 953 1906 nonsatis
966 1855 1098 1908 subtiliter
1108 1856 1164 1908 hnc
1176 1861 1316 1928 tractavit,

273 1955 323 1988 nec
335 1935 447 2007 adjecit,
460 1935 546 1988 sintne
561 1933 599 1984 illi
614 1933 773 2004 aliquando,
790 1933 902 2004 expletis
913 1934 1041 1986 fatalibus
1054 1938 1144 2001 annis,
1158 1955 1225 2008 quos
1242 1951 1315 1990 ante·

272 2027 423 2080 verterunt,
436 2013 470 2066 ad
479 2013 596 2086 Elysium
607 2015 771 2084 perventum
782 2012 865 2064 sedin
873 2013 1036 2066 hoctantum
1048 2014 1192 2082 laborarit,
1204 2030 1246 2082 nt,
1257 2035 1315 2088 quae

272 2098 373 2168 passim
385 2093 458 2166 apud
470 2093 576 2146 Grecos
588 2106 681 2164 poetas
697 2092 730 2145 tle
742 2092 808 2144 locis
821 2093 911 2145 inferis
924 2106 1070 2146 memorata
1082 2093 1204 2159 ridebat,
1220 2099 1247 2147 in
1258 2096 1315 2148 heac

272 2178 333 2229 loca
342 2175 489 2239 conferret,
502 2173 675 2244 inprimisque
687 2173 795 2224 Homeri
807 2171 942 2243 exemplo,
952 2171 1079 2237 heroum,
1090 2172 1315 2246 heroinarumque

273 2259 346 2310 clara
364 2256 474 2307 nomina
490 2255 626 2306 intexeret.
646 2253 780 2305 Hactenus
797 2251 986 2323 igiturHadcn
1001 2251 1115 2304 vidimus
1128 2253 1271 2325 mythicum
1283 2274 1315 2307 ac

271 2337 416 2407 poeticum.
425 2333 571 2384 adstarem
580 2332 695 2401 aliquem
703 2329 819 2383 madium
829 2331 898 2382 inter
910 2347 1002 2401 poenas
1011 2343 1037 2382 et
1047 2332 1156 2400 praemia
1165 2332 1231 2396 haec,
1244 2333 1315 2385 redi-

273 2435 335 2488 gere
352 2413 484 2466 allaborat
502 2413 635 2482 Trappius
654 2429 714 2462 eum
732 2410 803 2472 aliis;
815 2429 864 2463 nec
876 2421 964 2464 tamen
976 2427 1032 2464 rem
1044 2410 1079 2461 etl
1093 2411 1196 2482 Virgilii
1208 2412 1316 2483 quidem

273 2508 390 2548 mentem
401 2491 554 2562 expediunt.

309 2575 377 2624 Hinc
387 2573 445 2623 dua
460 2569 508 2619 vioe
519 2568 530 2636 (
541 2579 609 2620 nate
621 2570 691 2620 forte
703 2587 734 2620 cx
745 2565 841 2637 apsidas
854 2569 970 2622 Platonis
985 2571 1012 2622 in
1028 2571 1135 2644 Gorgia,
1148 2591 1208 2644 pag.
1219 2571 1269 2641 357
1281 2573 1313 2622 Α.

273 2653 329 2704 ret.
342 2648 432 2720 Steph.
444 2667 473 2718 p.
487 2645 538 2713 504
553 2650 585 2697 A.
598 2649 623 2720 ),
643 2648 726 2700 altera
746 2649 782 2700 ad
802 2647 924 2702 Platonis
945 2650 1056 2722 repiam,
1076 2668 1188 2721 eamque
1208 2663 1317 2723 prater-

274 2747 378 2804 gressos
391 2729 425 2782 ad
437 2727 574 2799 Elysium,
587 2725 677 2793 ducit,
689 2729 797 2780 sinistra
808 2747 871 2781 vero
886 2729 920 2781 ad
935 2731 1090 2796 Tartarum,
1106 2732 1157 2798 540
1170 2763 1203 2772 -
1215 2733 1274 2800 543.

309 2813 379 2864 Dum
396 2809 431 2862 atl
447 2808 565 2860 Plutonis
578 2809 677 2880 regiam
689 2809 839 2878 procedunt
854 2809 928 2879 (non
948 2824 1037 2864 autem
1050 2812 1166 2864 intrant:
1180 2814 1215 2864 cf.
1230 2813 1264 2866 ad
1276 2831 1315 2865 vs.

275 2891 326 2964 573
338 2891 362 2962 ),
376 2908 392 2941 a
403 2891 509 2940 sinistra
523 2888 662 2938 Tartarum
675 2899 790 2939 ostentat
801 2900 828 2939 et
839 2886 966 2940 describit
976 2887 1130 2959 Deiphobe,
1144 2891 1194 2957 548
1204 2921 1239 2930 -
1247 2893 1297 2961 627
1308 2914 1315 2941 :

274 2990 330 3022 non
343 2981 430 3022 autem
445 2969 540 3018 intrat:
553 2985 578 3017 v.
600 2964 633 3016 atl
644 2984 682 3016 rs.
697 2966 757 3029 573.
774 2968 804 3018 10
815 2966 888 3019 hunc
904 2968 1038 3019 transtulit
1051 2969 1139 3019 omnia
1151 2983 1245 3040 poeta,
1258 2989 1317 3041 quae

274 3063 377 3104 veteres
390 3047 423 3101 de
434 3049 560 3111 Tartaro,
573 3048 601 3097 in
614 3063 692 3116 quem
703 3047 811 3099 Titanes
823 3049 930 3101 fuerant
941 3047 1058 3115 detrusi,
1068 3049 1180 3102 fabulati
1190 3065 1279 3115 erant,
1291 3070 1316 3102 v.

274 3129 383 3184 Hesiod.
400 3125 502 3199 Theog.
516 3144 567 3197 7²⁰
578 3144 637 3196 sqq.
652 3126 686 3176 ef.
699 3125 775 3177 lliad.
789 3127 823 3188 θ,
841 3127 871 3192 14
886 3145 960 3198 sqq:
974 3145 1056 3197 porro
1068 3127 1197 3180 nonnulla
1211 3147 1242 3180 ex
1256 3129 1318 3180 Pla-

274 3213 364 3264 tnnica
374 3206 480 3258 Tartari
492 3204 683 3274 descriptione,
702 3206 729 3256 in
742 3203 829 3257 Phaed.
842 3224 870 3276 p.
884 3206 931 3270 83,
944 3218 1023 3276 atque
1041 3207 1119 3258 otiam
1129 3225 1159 3258 ex
1172 3205 1317 3278 0019110το-

274 3291 320 3342 riis
333 3289 404 3340 eirca
416 3283 529 3347 Cumas,
549 3299 614 3352 quas
626 3281 705 3334 latius
716 3285 821 3334 ornavit
834 3284 954 3349 Patron,
968 3303 990 3335 c.
1004 3284 1046 3353 67.
1060 3301 1083 3334 r.
1100 3301 1156 3336 tao.
1170 3284 1318 3337 Fatendum

274 3383 380 3431 tamen,
393 3363 476 3416 mnlto
487 3363 616 3415 inferiora
628 3379 684 3414 esse
697 3361 854 3422 haecomnia
874 3363 1018 3416 terroribus
1034 3365 1151 3426 Tartari,
1165 3381 1242 3434 quem
1255 3365 1318 3415 Mil-

275 3464 355 3502 tonus
367 3445 505 3514 descripsit
518 3442 564 3494 lib.
577 3444 590 3494 l
602 3455 627 3495 et
639 3443 676 3507 ll,
686 3455 712 3495 et
721 3445 870 3496 Teutonum
881 3446 1022 3510 Miltonus,
1032 3444 1172 3497 Messiadis
1184 3445 1317 3509 eonditor,

274 3529 321 3581 lib.
335 3528 367 3590 ll,
376 3525 502 3576 varietate
515 3534 602 3575 autern
613 3540 701 3573 rerum
712 3541 743 3573 ae
753 3525 851 3594 specie,
864 3523 938 3574 haud
951 3522 1032 3574 dubie
1040 3524 1141 3574 Dentes
1153 3523 1317 3574 admirabilis

275 3607 304 3658 in
316 3605 423 3656 lnlerno
436 3619 499 3668 suo,
518 3601 594 3652 Cant.
608 3601 642 3651 lll
656 3617 714 3672 sqq.
732 3602 762 3652 ln
775 3601 907 3654 vestibulo
922 3602 1026 3654 Tartari
1038 3601 1183 3673 Tisiphone
1195 3601 1277 3654 sedet,
1290 3620 1317 3652 v.

276 3683 312 3735 ad
325 3681 375 3750 573
387 3710 422 3719 -
434 3679 494 3748 579.
507 3677 623 3748 Subjecit
634 3678 691 3730 haec
702 3679 808 3731 Miltoni
825 3681 930 3752 ingenio
948 3679 1103 3750 praeclaram
1114 3679 1271 3752 phantasma
1283 3680 1318 3732 de

279 3760 434 3814 custodibus
447 3760 526 3826 Orci,
537 3761 648 3811 Peccata
660 3779 690 3811 ac
702 3760 803 3826 Morte,
813 3759 860 3811 lib.
874 3761 911 3830 ll,
924 3761 975 3813 650
987 3777 1045 3832 sqq.

313 3839 436 3890 Ceterum
453 3837 526 3907 quod
543 3839 683 3890 Tartarum
701 3839 892 3909 suppliciorum
911 3839 997 3892 locum
1015 3838 1134 3910 prodidit
1153 3853 1247 3911 poeta,
1265 3837 1319 3891 hoe

276 3916 459 3992 philosophis,
472 3919 591 3988 inprimis
609 3918 726 3984 Plutoni,
745 3919 845 3971 debuit.
862 3921 931 3972 Nam
944 3918 1015 3990 apud
1027 3920 1171 3972 Hesiodum
1184 3932 1210 3970 et
1222 3920 1320 3970 Home·

276 4015 349 4060 rum,
368 3995 495 4048 Tartarus
507 4008 547 4048 est
558 4015 649 4048 career
660 3999 785 4049 Titanum
797 4012 824 4050 et
837 3998 1053 4051 Centimanorum
1069 4017 1130 4051 cum
1141 3997 1317 4070 Cyelopibus,

278 4077 325 4148 qui
336 4069 460 4127 Urauidis
473 4087 653 4126 accensantur.
666 4077 701 4128 01.
714 4076 839 4149 Apollod.
852 4095 894 4149 pr.
911 4081 946 4130 tt
962 4077 1022 4131 loca
1033 4079 1132 4144 iniero,
1145 4076 1247 4141 Hadra,
1257 4075 1320 4126 Ere·
