2956 4680
308 437 371 502 386
637 429 905 499 EXCURSUS
927 434 1005 500 VII

302 558 375 630 jugie
388 556 501 609 Lavinia
513 553 547 606 ab
560 553 683 620 oraculo,
696 555 768 626 quod
781 555 911 608 advenam
920 557 944 608 ei
956 555 1146 622 destinaverat,
1158 575 1213 611 non
1226 558 1353 632 aliquem

305 657 320 690 e
332 636 522 710 popularibus,
533 634 580 686 lib.
593 636 653 697 VII,
665 635 707 704 96.
718 636 748 685 ln
759 634 802 710 bis
812 634 906 687 iisdem
914 636 1026 692 vertitur
1036 639 1230 708 argumentatio
1242 641 1353 692 Δωειε

305 717 366 780 Vll,
379 713 429 767 365
440 731 498 784 sqq.
511 714 545 765 cf.
558 713 619 764 Not.
633 711 668 764 ad
681 711 748 782 599,
760 710 820 766 doe.

339 793 418 862 Quod
429 795 548 844 Turnum
561 790 725 844 Herdonium
738 792 882 862 appellarit
895 793 988 844 Victor
1005 791 1037 844 0.
1048 791 1080 844 G.
1092 794 1123 844 tt.
1141 794 1185 859 13,
1202 797 1292 866 gravis
1303 808 1350 848 est

304 875 394 946 lapsus
403 892 434 925 ex
443 873 637 944 permutatione
645 872 730 923 Turni
738 870 866 923 Herdonii
875 873 1030 924 Latinorum
1040 873 1181 944 principis,
1190 891 1271 943 quem
1280 875 1350 926 Tar·

305 955 390 1026 quinii
401 953 513 1024 Superbi
526 954 599 1004 fraus
611 954 713 1003 evertit.
726 951 848 1004 Ceterum
857 950 891 1003 de
898 951 988 1004 Turno
996 953 1115 1004 etArdea
1122 965 1185 1024 post
1191 952 1349 1006 Cluverinxn

304 1034 358 1106 egit
370 1034 477 1103 copiose
488 1030 601 1100 Vulpius
614 1031 641 1080 in
653 1031 711 1082 Vct.
724 1031 781 1082 Lat.
794 1031 870 1082 Tota.
882 1031 920 1095 V,
932 1029 980 1082 sed
991 1030 1118 1084 doctrina
1130 1031 1306 1085 subtilitatem
1316 1033 1348 1083 in

302 1111 435 1184 plerisque
447 1108 595 1174 desideres,
608 1109 714 1179 copiam
725 1108 805 1162 facile
818 1108 959 1162 concedas.

550 1407 911 1499 EXCURSUS
945 1413 1090 1501 VIII.

359 1611 423 1680 Ad
434 1633 598 1677 recensum
607 1611 816 1696 populonsm,
831 1613 890 1700 qui
900 1635 974 1675 eum
989 1609 1108 1677 Lenito
1120 1634 1284 1680 annonem

645 1731 831 1781 societatem
844 1719 992 1783 inierant.

337 1895 400 1960 Vll,
408 1891 460 1958 640
468 1908 525 1961 sqq.
533 1891 621 1958 Quum
629 1890 731 1963 Virgilii
743 1890 858 1944 eruditio
868 1893 987 1963 inprimis
997 1894 1163 1946 mirationem
1170 1896 1252 1947 faeiat
1259 1898 1287 1949 in
1296 1915 1342 1950 ve·

303 1977 365 2030 teris
375 1971 456 2024 ltalia
464 1969 622 2042 originibus,
635 1987 700 2040 quas
709 1983 734 2022 et
742 1984 865 2023 accurate
878 1972 1063 2043 investigasse,
1074 1985 1099 2024 et
1108 1973 1247 2025 commode
1259 1987 1340 2046 atquo

304 2055 439 2128 ingeniose
452 2049 575 2102 carminis
594 2051 636 2100 sui
652 2047 737 2102 indoli
755 2049 970 2103 accommodasse
988 2050 1107 2112 videtur3
1119 2069 1174 2103 non
1185 2053 1300 2124 pigebit,
1312 2055 1340 2105 in

303 2136 373 2190 hanc
385 2131 508 2186 carminis
521 2144 624 2201 partem
638 2148 791 2196 excurrere,
804 2143 846 2194 et,
862 2147 920 2200 quse
933 2130 1042 2202 singolis
1054 2129 1119 2182 locis
1131 2143 1231 2183 veteres
1243 2131 1340 2185 tabule

303 2217 328 2269 ai
341 2227 401 2268 ante
414 2212 505 2264 oculos
517 2223 628 2262 versata
639 2211 707 2275 sint,
720 2209 769 2262 sub
781 2229 864 2262 unum
875 2210 996 2261 obtutum
1007 2227 1147 2279 exponere.

337 2295 454 2346 Primum
471 2289 578 2362 quidem
595 2286 678 2356 illud,
691 2288 764 2360 quod
775 2291 831 2358 jam
842 2287 971 2354 diximus,
985 2287 1170 2341 observatione
1182 2288 1290 2362 dignum
1302 2293 1342 2344 in·

302 2375 395 2448 primis
408 2385 463 2438 est,
476 2369 549 2441 qnod
563 2368 590 2419 in
605 2368 690 2420 Turni
698 2379 785 2439 partes
792 2406 801 2432 ‚
814 2386 891 2437 quem
905 2387 920 2420 a
932 2367 1023 2420 Graeca
1037 2370 1137 2440 origine
1147 2387 1229 2440 genus
1241 2370 1340 2424 ducere

305 2461 511 2512 memoraverat,
530 2446 640 2499 adduxit
659 2465 704 2498 eos
721 2443 846 2518 populos,
864 2447 957 2518 quibus
973 2447 1066 2498 Groeeoe
1077 2447 1188 2519 origines
1199 2447 1277 2521 υιιΙςο
1292 2450 1341 2501 tvi-

306 2532 468 2584 buebantur:
483 2543 536 2596 quo
549 2527 608 2594 ipso
620 2527 751 2578 rationem
764 2525 880 2596 aliquam
891 2528 1008 2592 invenit,
1021 2544 1074 2596 qua
1086 2529 1183 2580 excitos
1194 2529 1282 2580 varios
1291 2530 1343 2581 lta-

303 2609 345 2661 liae
356 2599 471 2678 populos
481 2603 602 2672 Trojanis
615 2603 742 2673 objiceret
755 2602 865 2656 adversa
874 2605 930 2656 acie
937 2615 1092 2676 pugnantes.
1100 2605 1182 2656 Vetus
1189 2605 1340 2658 Gracorum

304 2687 396 2738 odium
406 2684 531 2736 adversus
541 2682 686 2750 Trojanos,
698 2701 784 2754 nuper
796 2703 811 2736 a
822 2685 906 2754 Trojsc
919 2683 994 2736 clade
1005 2683 1125 2736 nondum
1136 2683 1280 2756 expletum,
1291 2683 1340 2738 sed

304 2783 336 2817 eo
360 2764 443 2834 magis
464 2765 491 2813 in
510 2778 569 2825 eos,
593 2763 639 2830 qui
658 2759 733 2813 clade
755 2764 908 2832 superstites
926 2763 1116 2834 profugerant,
1135 2761 1340 2828 inflammatum,

305 2861 412 2902 caussas
424 2841 513 2894 auxilii
524 2839 629 2916 (eraudi
646 2840 747 2911 prabet
767 2841 885 2894 idoneas.
904 2842 964 2909 Quo
986 2841 1052 2892 illud
1071 2841 1156 2906 idem,
1175 2840 1244 2911 quod
1257 2845 1339 2896 toties

304 2927 471 2990 monuimus,
484 2920 616 2984 firmatur,
629 2921 697 2990 epici
710 2922 833 2972 carminis
847 2921 984 2993 virgiliani
996 2922 1111 2972 fructum
1123 2923 1184 2974 satis
1190 2920 1339 2989 jucundum

305 3008 349 3058 vix
362 3023 419 3058 esse
434 3019 512 3074 posse
527 3001 565 3054 illi
583 2999 699 3066 bomini,
714 3003 760 3070 qui
779 3019 832 3052 non
845 3001 942 3052 fabulis
959 3001 1010 3052 illis
1023 3001 1154 3070 antiquis,
1166 3002 1339 3072 inprimisque

303 3084 452 3144 Homericis
459 3079 625 3149 italicisque,
638 3079 769 3131 imbutum
778 3077 876 3132 habeat
888 3081 1030 3152 ingenium.
1041 3080 1098 3130 Hoc
1108 3093 1161 3146 est,
1174 3097 1226 3150 quo
1236 3097 1339 3132 summa

304 3180 393 3215 rerum
405 3158 481 3212 redit.

340 3242 361 3291 Ii
377 3241 471 3310 igitur,
484 3253 551 3307 quos
564 3235 608 3287 hic
620 3248 755 3288 enumerat
771 3235 886 3308 populos
897 3235 993 3289 auxilia
1004 3237 1098 3289 Latino
1111 3248 1136 3288 et
1148 3237 1239 3288 Turno
1251 3235 1338 3289 addu-

305 3331 411 3384 centes,
427 3334 458 3368 ex
474 3332 569 3386 genere
583 3327 644 3364 sont
656 3333 763 3378 eorum,
779 3316 824 3385 qui
838 3314 942 3366 urbium
959 3334 1066 3367 suanam
1081 3315 1224 3367 conditores
1240 3315 1340 3370 Grecos

306 3399 430 3452 babuisse
441 3392 612 3460 ferebantur,
625 3396 664 3444 uti
683 3395 712 3444 in
730 3394 839 3466 singulis
852 3413 913 3446 mox
924 3393 1080 3446 videbimus.
1092 3394 1184 3446 Graeca
1195 3396 1269 3466 origo
1284 3411 1340 3447 eos·

306 3479 368 3532 dem
386 3487 489 3540 movet,
508 3487 537 3524 ut
550 3473 685 3526 Diomedis
704 3474 801 3528 auxilia
818 3488 911 3546 petant
922 3476 969 3528 ini.
981 3475 1040 3526 VIII
1051 3493 1091 3546 pr.
1104 3475 1211 3526 Latinos
1224 3475 1339 3546 populos

306 3578 339 3614 ac
349 3560 468 3610 civitates
480 3553 573 3605 ordine
586 3566 658 3606 certo
669 3573 715 3606 seu
727 3557 802 3620 situs,
814 3573 860 3607 seu
872 3556 1008 3607 vetustatis
1018 3568 1176 3606 memoratas
1185 3555 1342 3626 expectabat

305 3642 375 3692 lorte
388 3637 483 3708 aliquis
503 3654 519 3686 a
536 3647 626 3706 poeta.
639 3635 737 3685 Verum
749 3633 851 3686 lubrico
870 3634 914 3686 ille
933 3633 1070 3686 insistebat
1085 3637 1211 3705 vestigio:
1225 3634 1259 3686 ab
1270 3634 1341 3687 Alba

305 3720 411 3790 Longa,
424 3733 481 3786 qua
491 3712 545 3763 boc
558 3725 675 3783 tempore
692 3725 750 3764 erat
761 3711 847 3780 nulla,
860 3726 946 3764 ortum
958 3712 1056 3764 babere
1069 3730 1146 3764 omne
1160 3731 1255 3764 nomen
1266 3713 1342 3765 bati·

303 3815 383 3860 num,
396 3807 423 3846 et
435 3793 468 3845 ab
486 3809 517 3843 ea
533 3789 660 3842 deductas
677 3808 733 3843 esse
746 3790 862 3843 colonias
875 3793 948 3844 XXX
963 3791 1030 3844 Latii
1046 3793 1178 3857 civitates,
1190 3790 1268 3862 vulgo
1280 3804 1340 3844 tum

300 3873 455 3928 'constabat
468 3891 493 3924 v.
507 3872 613 3942 Dionys.
627 3872 674 3936 ΙΙΙ,
684 3873 715 3924 31
731 3885 757 3924 et
769 3874 795 3940 Ι,
810 3873 849 3924 15.
862 3871 952 3939 Quid?
962 3871 1035 3944 quod
1046 3873 1181 3943 superiore
1192 3869 1276 3937 libro,
1289 3873 1340 3941 vt,

306 3954 357 4024 773
367 3979 401 3990 -··
411 3968 460 4020 777
474 3950 575 4020 aliquot
586 3951 683 4006 harum
689 3951 794 4003 urbium
805 3953 862 4022 ipse
874 3953 1045 4017 excitaverat,
1058 3971 1115 4022 quse
1125 3965 1188 4003 tunc
1200 3949 1287 4002 adlinc
1298 3969 1341 4003 es·

306 4031 429 4085 sentsine
441 4030 546 4081 nomine
562 4040 641 4081 terne
661 4029 797 4100 Sapienter
814 4034 904 4101 itaque
923 4031 957 4083 ab
976 4031 1026 4084 hac
1043 4033 1241 4085 enumeratione
1255 4029 1342 4082 absti-

306 4114 380 4182 nuit,
390 4123 415 4165 et
426 4109 659 4165 vetustissimarum
669 4123 772 4165 tantam
782 4111 890 4168 urbium
902 4113 1011 4167 nomiae
1024 4113 1163 4184 opposuit,
1177 4111 1251 4166 nullo
1262 4123 1338 4167 certo
