3028 4682
299 376 362 442 266
549 377 583 438 P.
607 375 838 440 VIRGlLll
862 377 1093 446 MARONIS

266 537 270 543 ·
298 500 386 564 Hine
399 499 486 564 ltalae
499 516 626 587 gentes,
642 501 815 589 omnisque
827 501 990 567 OEnotria
1002 503 1114 585 tellus,
1312 524 1346 570 as

298 606 337 668 ln
351 603 460 670 dubiis
471 627 629 694 responsa
641 623 759 694 petunt
771 629 778 670 :
792 605 858 672 huc
870 605 958 673 dona
970 609 1123 675 sacerdos
1142 643 1145 654 ·
1283 607 1285 612 ’

296 710 408 791 Quum
420 711 508 790 tulit,
523 727 555 775 et
567 733 724 776 caesarum
737 713 849 777 ovium
862 712 923 778 sub
937 730 1034 778 nocte
1046 715 1156 780 silenti

297 815 440 882 Pellibus
452 815 603 882 incubuit
615 819 737 898 stratis,
752 841 953 909 somnosque
965 820 1081 908 petivit
1093 846 1100 886 ι

295 922 401 986 Multa
414 923 520 988 modis
532 923 706 988 simulacra
717 923 808 990 videt
820 925 990 990 volitantia
1001 927 1108 1007 miris,

295 1029 337 1092 Et
348 1030 452 1094 varias
463 1027 556 1094 audit
567 1051 680 1110 voces,
694 1029 882 1120 fruiturque
895 1030 1034 1096 deornm
1311 1062 1342 1108 ρο

295 1135 495 1224 Conloquio,
509 1152 609 1224 atque
621 1135 695 1200 imis
707 1135 895 1202 Acheronta
905 1135 1038 1201 adfatur
1048 1138 1186 1202 Avernis

295 1242 359 1307 Hic
371 1259 404 1306 et
416 1258 486 1305 tum
498 1259 592 1330 pater
604 1243 674 1330 ipse
687 1259 803 1331 petens
816 1265 973 1332 responsa
986 1243 1122 1307 Latinus

295 1349 435 1411 Centum
448 1329 608 1434 lanigeras
620 1348 783 1414 mactabat
795 1349 857 1413 rite
868 1347 1028 1428 bidentis,

292 1455 401 1541 Atque
413 1452 530 1540 harum
544 1452 680 1550 effultus
691 1471 786 1542 tergo
798 1456 972 1544 stratisque
981 1451 1113 1543 jacebat

292 1558 621 1624 Velleribuszsubita
634 1559 751 1624 exalto
763 1583 826 1624 vox
838 1559 967 1625 reddita
979 1559 1054 1624 luco
1068 1575 1136 1624 est:
1309 1577 1339 1635 95

323 1708 361 1756 85.
375 1709 420 1754 Hi'c
431 1711 512 1755 Franc.
525 1723 569 1772 que
580 1709 646 1757 abest
657 1710 718 1757 binis
729 1711 807 1756 Burm.
820 1736 852 1746 -
864 1710 901 1756 86.
915 1727 935 1755 r.
942 1709 1026 1774 ferunt
1035 1707 1104 1755 Gotb.
1119 1725 1169 1772 pn,
1184 1721 1210 1755 ut
1222 1709 1278 1756 alin
1291 1710 1340 1758 dici

292 1779 359 1826 solet.
369 1803 401 1815 -
413 1779 450 1842 87.
465 1779 565 1826 conant
573 1779 641 1826 multi
652 1783 732 1844 scripti
745 1793 769 1828 et
778 1781 833 1828 edd.
844 1783 921 1826 Ceteri
930 1797 982 1826 cam
993 1780 1054 1836 tulit,
1066 1779 1131 1842 qaod
1141 1783 1188 1842 jem
1200 1781 1342 1828 Benedictus

292 1848 436 1906 emendavit,
447 1862 470 1897 et
479 1865 532 1898 ante
541 1867 596 1898 eum
604 1854 741 1915 Naugerius.
754 1853 820 1898 Voss.
831 1851 914 1898 attulit.
928 1853 1008 1898 Heius.
1020 1855 1082 1913 conj.
1095 1860 1120 1896 ut
1132 1847 1190 1898 tulit.
1201 1859 1223 1896 st
1231 1849 1341 1898 scelerum

291 1919 362 1967 Goth.
372 1937 408 1983 pr.
416 1947 447 1956 -
455 1920 493 1968 88.
505 1920 625 1968 Pelii'cibas
634 1921 733 1968 Dorvill.
743 1924 789 1970 llas
800 1923 909 1969 librarius
917 1923 976 1970 lorte
984 1921 1097 1976 malebam
1107 1937 1153 1968 non
1164 1936 1226 1968 nuno
1234 1923 1338 1968 hunus.

289 1990 366 2052 -89.
376 1989 483 2054 pollentia
493 2008 522 2036 m.
534 2008 580 2040 sec.
592 1993 676 2039 Monet.
687 1995 812 2056 repetitum
823 2009 851 2038 ex
863 1995 904 2039 Ge.
918 1995 940 2049 1,
952 1992 1006 2056 477.
1018 1991 1066 2038 vid.
1079 1993 1157 2038 Burni.
1172 2015 1204 2028 -·
1213 2007 1251 2053 9²·
1266 1993 1302 2038 stc
1315 2001 1340 2038 et

290 2078 327 2125 pr.
340 2064 424 2110 Mores.
442 2073 494 2110 tuac
509 2063 611 2128 plurimi.
625 2066 680 2112 dum
691 2082 737 2114 sec.
751 2066 860 2112 llottend.
872 2091 902 2102 —
914 2065 952 2127 93.
967 2063 1219 2110 macerationum.
1234 2067 1340 2110 mactavit

290 2148 337 2180 sec.
350 2136 461 2182 llottend.
473 2149 496 2183 et
506 2137 567 2183 Gud.
582 2153 637 2184 arn.
651 2154 697 2184 sec.
708 2164 739 2174 —
751 2137 789 2200 94.
805 2153 883 2184 samm
897 2138 957 2182 Pier.
974 2134 1075 2199 aliquot.
1091 2144 1151 2200 teryo
1166 2137 1280 2198 exquisite
1294 2150 1338 2198 pro

290 2210 368 2270 tergis.
380 2205 464 2253 hiabat
472 2207 542 2254 Goth.
554 2225 600 2256 sec.
613 2234 645 2246 -
656 2211 694 2272 95.
708 2209 782 2256 subito
793 2209 879 2256 Medic.
893 2207 969 2254 Colot.
983 2223 1036 2254 cunt
1047 2205 1099 2254 aliis
1111 2207 1190 2254 lleins.
1203 2205 1264 2252 subit
1274 2205 1337 2252 Gud.

290 2291 303 2323 a
315 2293 345 2323 nt.
360 2295 395 2342 pr.
408 2279 482 2326 subito
493 2295 522 2326 ex
533 2279 581 2326 uita
592 2281 660 2326 Witt.
675 2290 709 2328 est
719 2283 784 2329 deest
793 2282 854 2328 binis
864 2279 934 2325 Goth.

325 2411 451 2482 85-91.
465 2413 610 2467 Oraculnm
632 2417 716 2467 Fanni
739 2434 788 2485 per
836 2427 863 2467 et
879 2414 944 2466 alias
962 2413 1103 2484 religiones
1120 2411 1275 2464 intulerunt.
1289 2411 1339 2462 Ia-

288 2490 487 2543 incubationem
498 2493 730 2562 pstisolitum,nt
746 2507 788 2544 tot
836 2495 948 2558 cubare,
973 2491 1151 2557 ὴκοιμῖωθιι,
1172 2508 1252 2542 voces
1274 2508 1340 2561 pro-

288 2569 342 2620 elia
357 2571 384 2620 in
396 2583 485 2622 vetere
502 2571 612 2624 Graecia.
627 2574 716 2623 Potest
728 2573 788 2643 qui-
836 2575 900 2643 prise
913 2571 946 2624 de
956 2573 1002 2637 iis,
1017 2574 1062 2641 qai
1074 2571 1211 2642 dormiunt
1223 2569 1257 2621 ad
1268 2571 1338 2622 neci-

288 2646 350 2699 dem
374 2661 454 2718 poeta
472 2650 558 2702 videri
577 2650 611 2702 ad
632 2651 786 2722 Amphiarai
836 2651 935 2722 pienda
948 2663 1135 2722 responsa‚nt
1147 2649 1252 2702 Servius
1264 2648 1337 2700 adh.

288 2726 359 2799 (vid.
378 2729 489 2780 Pansan.
508 2731 534 2795 l,
552 2731 604 2802 34)
619 2733 786 2802 potissimum
835 2730 853 2782 l.
879 2742 963 2782 notat.
987 2731 1023 2782 cl.
1049 2731 1138 2782 Daris.
1164 2728 1199 2781 acl
1222 2729 1277 2780 Cic.
1302 2727 1337 2780 de

289 2807 437 2879 exemplum
461 2809 513 2861 hoc
537 2812 623 2862 Fauni
648 2810 786 2864 oraculum
835 2810 982 2876 Dianio
995 2823 1021 2861 et
1033 2808 1119 2862 Cerda
1133 2807 1159 2860 h.
1173 2808 1191 2861 l.
1204 2807 1338 2860 OEnotria

267 2889 473 2941 sassinatem:
493 2890 574 2961 idque
590 2909 639 2942 nos
659 2890 786 2943 doctrinas
837 2886 931 2954 tellus,
959 2889 1055 2940 latiore
1078 2906 1159 2940 sensu
1182 2887 1209 2938 h.
1242 2888 1260 2939 l.
1280 2885 1336 2940 vid.

287 2969 367 3039 copia
379 2970 406 3020 in
418 2966 471 3020 boo
482 2983 563 3040 poeta
578 2969 687 3022 credere
700 2971 784 3023 facit:
835 2968 897 3020 Exc.
920 2970 997 3032 xxi,
1018 2967 1067 3020 lib.
1090 2968 1109 3018 l.
1130 2996 1164 3006 -
1183 2967 1225 3018 86.
1247 2965 1336 3030 dona,

287 3067 350 3100 nam
376 3049 523 3114 Tiburtus,
549 3067 608 3101 cnm
637 3049 733 3101 Catillo
760 3063 787 3102 ot
835 3046 1192 3109 victimam,sacrificinnt,ut
1201 3047 1280 3097 toties
1291 3045 1338 3098 ali·

287 3127 357 3180 Cora
376 3129 445 3180 inira
462 3147 486 3180 v.
506 3130 653 3200 670-672
671 3149 786 3183 comme·
835 3128 872 3182 bi.
885 3125 1144 3199 9r.-Acl¹eroate,
1158 3125 1223 3178 deos
1235 3127 1336 3188 inferos

286 3221 421 3273 moratus,
433 3209 540 3262 Tiburis
553 3210 677 3262 conditor
688 3225 715 3263 ct
726 3214 786 3263 Ant·
836 3221 862 3261 et
878 3211 979 3262 Manes.
997 3209 1098 3259 Notata
1117 3205 1227 3277 dignum
1241 3205 1268 3256 in
1283 3203 1336 3256 boc

286 3289 392 3360 phiarai
419 3289 488 3342 iilius
514 3291 622 3344 habitus
652 3305 697 3344 est.
731 3294 784 3346 rid.
835 3290 920 3341 Fauni
946 3288 1081 3353 oraculo,
1107 3287 1193 3358 primo
1216 3285 1289 3356 qnod
1309 3297 1337 3337 et

287 3369 353 3421 Ptin.
371 3371 447 3434 xvi,
465 3371 516 3438 44,
536 3389 556 3422 s.
576 3373 617 3442 87.
636 3374 675 3424 lta
693 3373 786 3425 saltem
835 3371 892 3440 ipsc
904 3367 1030 3422 sacerdos
1045 3367 1184 3432 incubuit,
1196 3379 1223 3418 et
1236 3369 1275 3431 is,
1289 3367 1336 3438 qni

288 3451 438 3519 conjectare
449 3450 548 3515 malim,
563 3469 643 3521 qnam
655 3469 715 3502 cnm
723 3451 786 3503 Cer·
835 3450 1007 3510 consulebat;
1021 3450 1043 3500 si
1056 3447 1164 3518 quidem
1176 3449 1253 3500 Maro
1271 3465 1336 3499 con·

286 3529 338 3594 da,
351 3547 427 3582 sacra
445 3532 529 3600 patris
549 3531 689 3581 a'l'iliurto
701 3531 785 3582 Tibur
835 3529 894 3580 silio
906 3529 962 3580 haec
983 3531 1021 3580 ita
1039 3528 1133 3580 extulit
1147 3545 1171 3579 r.
1194 3527 1228 3580 86
1247 3545 1287 3597 sq.
1309 3539 1335 3579 et

287 3626 343 3661 esse
359 3609 495 3661 translata.
509 3610 555 3660 Est
574 3610 643 3661 enim
663 3622 718 3661 tota
739 3610 785 3662 illa
834 3627 883 3677 923
896 3621 969 3672 turn,
987 3607 1060 3678 qnod
1077 3609 1267 3679 necyomantia
1286 3605 1335 3657 ali·

286 3689 319 3740 de
331 3689 430 3741 Tibure
447 3690 585 3742 conditore
602 3692 784 3742 commentitia
835 3707 916 3758 quarn
934 3691 1050 3758 speciem
1068 3688 1135 3740 illud
1151 3687 1276 3738 habuisse
1295 3687 1335 3738 vi·

286 3772 404 3820 narratio
418 3789 434 3821 n
449 3769 607 3822 Graecanicis
628 3769 726 3821 fabulis
743 3787 784 3822 re·
834 3769 919 3820 detur.
929 3769 1009 3837 Quod
1024 3787 1087 3820 vero
1099 3787 1123 3816 v.
1136 3766 1169 3837 95
1178 3785 1210 3817 ex
1220 3765 1275 3818 alto
1285 3783 1335 3817 vox

285 3849 367 3918 petita
389 3845 429 3916 (v.
447 3852 474 3900 in
495 3849 612 3902 Excursn
632 3849 693 3921 lV).
710 3847 783 3900 Nihil
834 3849 933 3900 reddita
946 3847 1072 3913 ineo-est,
1086 3846 1183 3898 ltalicis
1195 3845 1334 3916 religioni·

286 3940 373 3979 tamen
391 3928 499 3980 credere
511 3941 598 3992 vetat,
614 3942 717 3981 veteres
735 3931 784 3980 Pe-
833 3928 883 3979 bus
896 3942 1104 3981 consentaneum
1120 3939 1177 3992 est,
1191 3930 1217 3978 in
1237 3925 1333 3995 quibus

285 4007 372 4078 lasgos
384 4005 456 4058 ltunc
464 4006 608 4060 incubandi
620 4025 720 4059 morem
728 4011 784 4077 jam
832 4025 910 4060 voces
924 4027 955 4061 ex
964 4009 1025 4060 luco
1038 4007 1134 4059 auditae
1147 4007 1331 4059 anctoritatem

287 4087 320 4141 ab
333 4089 409 4140 initio
422 4089 450 4140 in
465 4087 568 4140 Latium
583 4087 720 4158 intulisse,
737 4089 784 4158 qui
832 4086 973 4142 habebant.
989 4091 1061 4142 Inter
1078 4099 1182 4142 ostenta
1198 4099 1226 4140 et
1240 4082 1333 4158 prodi·
