2968 4696
268 379 1301 428 Μ

561 605 929 697 EXCURSUS
964 612 999 696 I.

535 875 589 942 De
603 875 721 944 Cutem
734 893 767 941 et
781 875 898 942 Insula
912 877 1030 943 Crines.

162 1143 170 1160 ⁸
265 1139 332 1215 Lm.
347 1155 407 1219 Vll,
423 1169 445 1203 ι,
459 1167 482 1204 a.
498 1147 539 1200 Τιι
553 1165 659 1220 quoque
675 1145 795 1202 litoribus
806 1149 913 1216 nostris,
928 1135 1026 1202 AEceia
1040 1151 1145 1218 rumix,
1165 1153 1311 1212 AEtemarrs

262 1236 375 1292 moriens
381 1230 504 1302 famam,
518 1227 606 1283 Caieta
612 1263 622 1292 ,
635 1226 727 1280 dedisti
739 1257 773 1266 —
789 1245 820 1286 to
832 1228 957 1283 Proximo
973 1229 1074 1284 cr'moeoe
1086 1231 1216 1284 raduntur
1227 1230 1311 1284 litem

261 1329 335 1371 terroe
344 1325 394 1368 etc.
404 1311 494 1378 Quum
502 1307 642 1378 virgiliani
654 1309 778 1360 carminis
787 1310 954 1379 prestantia,
965 1312 1045 1362 ctiam
1057 1312 1216 1364 inventionis
1227 1313 1310 1380 laus,

262 1395 383 1468 inprimis
395 1394 422 1444 in
435 1389 562 1441 doctrine
579 1388 658 1457 copia
674 1400 700 1438 ct
715 1389 845 1440 sermonis
862 1390 961 1458 poetici
974 1402 1085 1456 ornatu,
1101 1390 1246 1461 spectanda
1257 1394 1310 1460 sit,

261 1494 311 1530 nos
323 1490 411 1546 operas
423 1471 539 1542 pretium
551 1469 578 1518 in
590 1465 643 1518 hoc
654 1467 744 1519 lacere
756 1479 897 1538 putamus,
913 1468 986 1539 qnod
995 1468 1139 1541 legentium
1154 1473 1256 1522 animos
1269 1471 1309 1536 ad

261 1555 318 1608 brec
324 1551 490 1625 potissimum
498 1545 552 1598 duo
558 1546 647 1616 capita
654 1546 682 1596 in
691 1546 910 1617 interpretatione
916 1559 1008 1600 nostra
1014 1548 1151 1602 advertere
1157 1550 1305 1602 studemus.

262 1635 436 1704 Exspectatur
447 1630 537 1698 itaque
552 1624 672 1691 anobis,
684 1639 713 1676 ut
725 1627 803 1679 inhia
817 1645 924 1700 quoque
936 1629 1129 1700 posterioribus
1139 1647 1183 1683 sex
1193 1631 1267 1682 libris
1276 1632 1307 1682 in

263 1712 358 1767 iisdem
367 1710 446 1763 rebus
455 1705 789 1778 illustrandisprncipuom
797 1708 914 1778 aliquem
923 1727 1032 1780 operam
1040 1709 1200 1763 collocemus
1208 1733 1213 1760 :
1222 1711 1307 1781 idque

262 1812 295 1846 eo
304 1793 398 1862 magis,
407 1807 460 1860 quo
468 1783 726 1856 rovumfabttlurum
735 1805 829 1858 genus,
838 1788 920 1840 ltaliae
928 1789 1112 1856 domesticum,
1122 1810 1216 1862 parum
1225 1809 1241 1842 a
1248 1791 1310 1863 ple-

261 1878 350 1946 risque
357 1882 537 1943 perspectum,
545 1878 638 1919 etrum
648 1865 746 1918 Graecis
756 1867 852 1940 mythis
862 1870 890 1919 in
897 1870 1000 1942 vulgari
1009 1873 1173 1942 antiquitatis
1182 1870 1308 1923 doctrina

261 1955 418 2016 eoniusum,
432 1951 460 2002 in
472 1950 504 2000 iis
519 1959 656 2000 tractatur.
671 1948 711 2000 Nc
723 1967 787 2000 vero
800 1949 944 2022 legentium
954 1953 1057 2004 animos
1071 1951 1217 2022 oculosque
1226 1951 1307 2003 disti-

261 2051 372 2090 neamus
383 2051 414 2085 ao
428 2030 630 2100 distringam,
650 2029 755 2095 rejectis
773 2029 806 2082 ad
817 2029 948 2081 librorum
966 2031 1066 2084 calcem
1078 2031 1305 2104 disputationibus

261 2112 469 2186 exspatiabimur
489 2105 635 2170 interdum,
652 2119 679 2159 et
694 2108 825 2160 nonnulla
841 2111 1003 2162 excutiemus
1020 2114 1177 2164 accuratius.
1195 2113 1305 2164 Facient

261 2197 317 2250 huc
328 2195 386 2266 ipse
398 2188 555 2244 diverticula
567 2187 602 2240 ad
614 2187 787 2240 recreandum
808 2191 925 2240 animum
937 2209 968 2242 ex
980 2191 1176 2244 commentandi
1188 2205 1214 2244 et
1225 2193 1306 2243 rariae

261 2276 383 2331 lectionis
394 2269 533 2325 enotandae
544 2267 639 2334 taedio,
653 2269 724 2340 quod
736 2268 843 2340 quidem
854 2289 1062 2342 nonnunquam,
1076 2271 1211 2344 quomodo
1220 2273 1307 2344 repri-

261 2372 409 2418 meremus,
420 2353 464 2404 vix
474 2349 574 2403 habere
586 2346 750 2400 videbamur.

299 2435 392 2487 Caietoe
403 2429 558 2482 memoriam
567 2445 622 2478 non
634 2428 761 2495 preteriit
775 2439 872 2498 poeta,
884 2427 1102 2502 quandoquidem
1114 2431 1182 2484 inter
1197 2431 1306 2484 fabulas

261 2525 362 2566 veteres
372 2509 406 2560 de
413 2510 500 2560 AEneoe
507 2505 642 2560 erroribus
651 2523 682 2557 ea
693 2503 867 2571 occurrebat,
879 2524 1031 2579 nomenque
1039 2509 1231 2580 promontorii,
1240 2527 1305 2579 por·

262 2605 373 2660 tuaque,
382 2599 409 2639 et
420 2587 493 2644 urbis
505 2585 613 2636 in‘Latii
625 2595 652 2635 et
662 2583 815 2654 Campaniae
831 2583 927 2638 linibus
940 2587 974 2638 alr
987 2607 1019 2640 ea
1028 2586 1136 2640 ductum
1148 2587 1228 2660 vulgo
1238 2589 1307 2641 fere·

262 2670 356 2723 batur:
368 2678 397 2718 ut
406 2677 509 2716 taceam
518 2664 630 2714 Formiis
639 2663 719 2714 tudem
729 2661 863 2734 Apollinis
872 2683 903 2717 ac
916 2666 1009 2718 Caietoe
1017 2667 1114 2719 aLivio
1123 2669 1181 2732 XL,
1193 2685 1223 2733 a,
1231 2687 1305 2719 com-

263 2756 445 2801 memoratum.
457 2742 518 2794 Vid.
532 2743 639 2814 Dionys.
657 2744 685 2808 l,
704 2741 746 2794 53.
761 2741 856 2795 Strabo
869 2746 904 2795 Vl
912 2781 920 2810 ,
933 2765 994 2818 pag.
1007 2746 1066 2798 330.
1078 2749 1170 2803 Victor
1181 2747 1214 2800 0.
1227 2747 1258 2800 G.
1271 2747 1305 2799 lt.

267 2847 306 2882 ιο.
319 2826 395 2879 Adde
409 2822 490 2875 Solin.
505 2823 529 2875 8.
540 2823 578 2874 Ex
590 2821 687 2893 quibus
700 2822 765 2876 locis
779 2841 886 2896 quoque
899 2824 1039 2892 discimus,
1053 2841 1198 2880 acremata
1208 2829 1306 2898 Troja-

261 2899 358 2962 norum
370 2906 453 2959 classe
465 2897 679 2975 (sisinciacum)
691 2903 852 2970 nonnullos,
863 2903 992 2958 Cererem
1002 2909 1135 2979 inprimis,
1147 2921 1174 2960 et
1183 2906 1304 2979 Sempro·

260 2992 352 3052 nium,
363 2999 493 3059 nugantes
513 3001 562 3037 suo
582 3001 655 3036 more
668 2984 696 3035 in
708 2986 845 3036 nominum
862 2986 1023 3058 originibus,
1042 3006 1139 3040 nomen
1155 2990 1301 3060 repetiisse.

262 3071 304 3122 Gi.
318 3067 352 3120 ad
363 3066 411 3118 lib.
422 3067 445 3116 V
456 3065 564 3116 heure.
577 3063 621 3114 vt.
635 3076 661 3115 et
672 3059 786 3116 Gerdarn
798 3063 834 3116 sd
850 3062 895 3116 lib.
910 3066 971 3132 VII,
986 3085 1010 3118 a.
1022 3068 1102 3120 Varie
1113 3086 1219 3138 quoque
1233 3079 1305 3118 trac·

262 3161 345 3202 tatam
357 3162 413 3199 esse
426 3142 546 3197 labriam
557 3161 589 3196 ex
600 3159 632 3194 eo
647 3155 775 3214 apparet,
789 3143 862 3213 quod
874 3141 920 3194 alii
938 3145 1041 3210 AEnee,
1061 3144 1106 3197 alii
1126 3145 1244 3209 Creusa,
1257 3145 1304 3197 alii

262 3227 370 3280 Ascanii
382 3225 513 3277 nutricem
524 3222 643 3276 Caietam
657 3221 805 3275 ediderant.
818 3225 935 3275 Nutricis
951 3236 1037 3276 autem
1052 3227 1080 3276 in
1092 3239 1179 3278 vetere
1191 3228 1261 3290 rita,
1274 3237 1304 3276 nt

263 3303 409 3360 educandis
421 3304 511 3374 pueris
521 3303 655 3374 precipua
667 3319 763 3373 opera,
775 3304 813 3354 ita
824 3321 921 3374 magna
931 3315 987 3356 erat
997 3306 1157 3370 reverentia,
1166 3317 1196 3355 ut
1207 3321 1306 3375 paren-

263 3387 311 3438 tali
329 3402 362 3438 ea
381 3385 481 3456 pietate
497 3382 638 3435 coleretur.
659 3382 710 3434 Res
729 3383 849 3452 inprimit
861 3383 888 3434 in
901 3385 1007 3454 tragicis
1024 3383 1112 3436 obvia.
1128 3385 1201 3435 Facit
1214 3395 1303 3434 autem

261 3468 342 3519 etiam
350 3463 395 3516 hio
406 3465 538 3531 justorum
555 3461 651 3514 nutrici
662 3461 814 3532 persolutus
826 3459 912 3513 ltonos
925 3461 960 3514 ad
971 3463 1058 3514 AEneae
1069 3464 1196 3532 pietatem
1214 3461 1302 3513 decla·

261 3543 381 3598 randam.
394 3541 455 3593 llaec
468 3553 494 3592 et
505 3539 601 3592 similia
614 3541 731 3612 cogitare
747 3539 827 3592 debet
843 3541 882 3605 is,
901 3543 945 3592 cui
960 3539 1017 3592 hac
1032 3539 1128 3594 Caietae
1146 3541 1301 3594 memoratio

261 3623 339 3675 nimis
354 3619 527 3672 videturesse
540 3621 641 3685 tenuis,
660 3631 686 3672 et
703 3622 781 3691 epiro
799 3621 894 3691 spiritu
911 3619 1027 3692 indigna.
1040 3621 1098 3672 Hoc
1110 3633 1199 3672 tamen
1210 3637 1301 3672 rerum

262 3715 319 3765 est,
330 3711 393 3772 port
405 3698 517 3751 similem
529 3697 563 3750 de
574 3699 691 3766 Miseno,
704 3713 731 3751 et
742 3697 866 3750 Palinuro
877 3701 1070 3764 narrationem,
1083 3701 1228 3751 novitatem
1239 3697 1301 3748 huic

260 3781 358 3833 catere
368 3779 612 3830 commemorationi
622 3777 723 3831 deesse.
733 3779 790 3830 Nec
801 3776 853 3830 hoc
863 3797 917 3830 non
927 3780 1040 3832 sensisse
1048 3779 1134 3832 rideri
1143 3789 1230 3849 potest
1240 3794 1302 3847 poe·

262 3873 306 3921 ta,
319 3857 364 3926 qui
381 3855 492 3908 similem
509 3856 587 3909 aliam
600 3856 634 3909 de
646 3857 731 3924 Bria,
744 3857 836 3908 Euxini
849 3871 949 3925 matre,
968 3859 1088 3910 fabulam
1101 3859 1211 3929 (Victor
1222 3857 1255 3909 0.
1268 3855 1300 3907 G.

257 3940 291 3990 ii.
307 3935 353 4002 to)
364 3951 418 3985 non
427 3936 740 4007 attigitmeolaeucosium
749 3937 871 4002 insulam,
880 3940 906 3990 in
915 3939 975 3989 sinu
981 3940 1109 4001 Paestano,
1119 3935 1301 3989 aconsobrina

260 4017 361 4076 illaeso,
374 4024 419 4064 aut
432 4011 603 4084 Prochytam,
616 4014 650 4068 ab
663 4017 718 4084 ejus
731 4030 844 4088 cognata
860 4017 897 4069 ibi
909 4018 1014 4089 sepulta
1029 4017 1073 4088 (ιι.
1086 4019 1193 4089 Dionys.
1207 4017 1232 4082 l,
1246 4014 1300 4080 53)

18 4075 23 4389 ι
260 4093 423 4169 appellatam
434 4109 580 4146 memorare
590 4093 681 4147 voluit.
692 4097 749 4149 Nec
758 4099 814 4150 siue
823 4096 925 4166 judicio
935 4099 1019 4152 videri
1030 4099 1110 4152 debet
1120 4099 1238 4151 omisisse
1249 4095 1301 4148 aliu
