2956 4680
484 374 549 435 tu
573 373 771 438 menum
794 377 902 440 virt.
1145 383 1206 470 487

212 496 252 546 De
263 497 325 548 artis
337 509 457 569 respectu
463 497 632 569 judicioque,
645 500 717 570 quod
727 501 801 552 multi
813 503 841 552 ia
852 515 931 574 poeta
942 515 1033 555 nostro
1045 519 1192 578 agnoscunt
1199 547 1209 573 ,

175 577 286 626 omnino
299 576 361 628 mibi
372 579 477 648 quidem
490 579 576 631 adhuc
588 599 681 651 parum
693 581 792 651 liquet,
806 600 871 647 nec,
883 583 906 633 si
917 582 1056 636 dicendum
1068 598 1122 652 est,
1136 587 1210 657 quod

175 655 277 719 sentio,
291 674 414 728 magnum
431 657 539 728 aliquod
559 677 604 709 seu
620 661 729 729 picturae
747 678 792 712 seu
811 661 951 732 sculpture
970 663 1084 714 studium
1103 677 1211 735 poetam

174 744 294 784 nostrum
309 739 423 789 tenuisse
436 739 557 790 arbitror.
571 739 638 790 Nam
655 741 785 809 primum,
801 759 857 810 quse
869 741 913 794 ille
926 745 1062 813 exposuit,
1079 745 1144 797 nibil
1156 745 1210 798 tale

173 809 307 880 produnt,
325 827 350 865 et
362 815 490 884 ejusmodi
502 830 579 882 sunt,
591 830 621 868 ut
633 820 710 870 etiam
722 819 866 891 vulgariter
880 823 990 893 quisque
1003 823 1099 874 artium
1111 827 1210 894 peritus

173 905 207 940 ea
219 892 334 944 carmine
346 894 570 964 comprehendere
585 899 676 966 possit.
694 897 761 949 Turn
778 917 857 964 vero,
875 913 902 950 ut
915 913 995 971 poeta
1009 901 1087 953 abeo
1100 903 1211 954 consilio

173 966 325 1040 longissime
341 972 439 1038 abfuit,
453 989 481 1026 ut
494 979 556 1028 artis
573 977 743 1030 subtilitatem
761 992 930 1050 sequeretur,
949 983 986 1032 ite
1003 995 1146 1032 occurrunt
1157 999 1212 1034 nou

173 1065 279 1117 pauca,
293 1070 351 1122 quen
364 1073 380 1104 e
391 1053 530 1126 sculpturae
541 1068 635 1108 nature
649 1059 784 1124 recedunt,
797 1079 846 1112 uec
863 1060 941 1113 facile
955 1079 1004 1114 uec
1024 1062 1162 1113 commode
1180 1081 1213 1114 ea

173 1138 231 1178 urte
244 1135 351 1184 tractari
369 1150 491 1204 possunt.
506 1137 558 1203 Qui
572 1155 645 1188 mare
663 1155 714 1188 una
732 1139 791 1189 c'urn
803 1157 894 1210 pugna
911 1140 999 1192 navali
1018 1158 1169 1210 expressum
1186 1153 1212 1191 et

173 1220 263 1260 tamen
277 1211 303 1260 in
316 1229 348 1263 eo
360 1215 509 1268 innatantes
529 1215 667 1288 delphines
684 1217 800 1270 reddidit
815 1218 881 1288 (sss.
894 1221 953 1290 671.
964 1220 1046 1292 654),
1064 1237 1103 1272 na
1119 1222 1141 1270 is
1158 1238 1212 1272 non

174 1285 243 1338 adeo
257 1305 377 1362 maguam
390 1295 529 1365 graphione
548 1297 671 1366 peritiam
689 1297 787 1350 bebere
801 1301 895 1369 potuit.
913 1299 1028 1350 Omnino
1041 1297 1074 1352 de
1090 1310 1145 1350 arte
1163 1317 1212 1350 nec

174 1367 298 1434 cogitavit
312 1371 455 1442 Virgilius,
467 1391 516 1424 nec
529 1373 621 1426 debuit
633 1377 764 1446 cogitare,
782 1376 997 1448 quondoquidem
1010 1379 1066 1448 ipse
1080 1375 1213 1428 diversum

169 1444 212 1494 rei
223 1445 362 1498 consilium
372 1453 494 1520 exponit:
505 1449 567 1505 Ittic
573 1473 656 1526 genus
665 1474 741 1507 omne
743 1458 845 1528 futuru
854 1457 947 1530 Stirpis
955 1457 1103 1509 abAscunio
1111 1474 1213 1529 puqrra·

174 1531 254 1594 teque
266 1525 293 1576 in
306 1529 397 1581 ordine
407 1530 488 1594 belim·
502 1546 582 1604 atque
592 1553 622 1586 ex
635 1536 665 1586 iis
676 1535 848 1607 decerpturos
861 1537 1121 1607 nonnullasubjicit:
1137 1538 1214 1587 iece-

174 1612 217 1652 ret
227 1613 253 1654 et
264 1605 343 1658 viridi
353 1622 402 1661 etc.
414 1613 448 1663 At
461 1615 529 1664 enim
543 1633 602 1666 cum
615 1616 729 1668 Homero
740 1631 872 1671 certarnen
884 1621 959 1686 iniit,
971 1621 1080 1689 ejusque
1092 1614 1212 1688 exemplo

172 1679 263 1748 plures
286 1688 495 1760 anaglypborurn
517 1711 593 1746 areas
614 1697 769 1760 constituit;
785 1696 839 1750 boc
858 1698 909 1751 sibi
932 1700 1099 1770 propositum
1118 1696 1212 1748 babuit

168 1759 257 1828 primo
269 1762 343 1827 loco;
357 1767 441 1820 altero
452 1783 481 1820 ut
492 1771 617 1824 Romanis
631 1777 684 1826 suis
698 1776 823 1845 placeret.
844 1777 870 1828 Si
889 1779 952 1829 artis
969 1779 1098 1829 rationem
1111 1775 1212 1826 habere,

170 1838 312 1906 voluisset,
326 1863 378 1896 non
398 1847 515 1902 dividere
531 1850 645 1922 clipeum
659 1855 686 1905 in
706 1867 806 1906 tanturn
824 1873 967 1927 parvarum
979 1873 1100 1908 arearum
1118 1871 1212 1905 nume·

153 1924 155 1932 '
169 1935 245 1982 rum,
256 1922 316 1986 sed,
329 1927 430 1977 omissis
443 1939 468 1979 et
481 1929 590 1998 abjectis
603 1936 711 1999 ceteris,
721 1953 846 1987 revocare
856 1937 945 1986 omniu
957 1934 991 1987 ad
1000 1953 1080 1985 unum
1088 1952 1213 2004 magnum

172 2011 203 2045 ac
216 1995 305 2049 nobile
317 2017 516 2071 argumentum,
534 2020 559 2058 et
573 2027 660 2061 aream
673 2011 765 2063 saltem
779 2031 832 2062 une
848 2031 940 2083 pugna
956 2012 1066 2062 Actiaca
1084 2027 1211 2062 exornare

170 2073 302 2142 debebat,
319 2081 364 2148 qui
380 2085 459 2134 totius
477 2085 555 2157 clipei
567 2087 641 2138 haud
654 2087 735 2141 dubie
754 2090 981 2162 splendidissimus
1001 2089 1075 2142 locus
1090 2102 1137 2141 est.
1151 2089 1211 2156 Quo

171 2155 245 2206 facto
257 2171 352 2228 poeta,
366 2181 477 2226 censeo,
494 2167 679 2237 probabilitati
696 2167 749 2221 noir
766 2170 846 2222 ruodo
859 2172 938 2238 artis,
951 2189 1043 2223 rerum
1058 2182 1084 2222 et
1101 2169 1212 2242 poetice

172 2235 357 2302 probabilitati
368 2242 461 2296 melius
474 2247 642 2300 consulturus
654 2251 755 2302 luisset.

205 2314 270 2367 Sunt
282 2329 369 2372 tamen
383 2323 512 2376 nonnulla
524 2329 560 2379 ad
571 2329 769 2400 exprimendum
782 2329 881 2403 artifice
894 2349 976 2383 monn
992 2331 1092 2404 egregie
1108 2335 1228 2381 eecom-'

166 2395 291 2463 enodata,
308 2400 449 2474 multisque
461 2409 559 2476 passim
577 2409 703 2479 operibus
717 2429 852 2481 expresse;
875 2425 905 2464 ut
922 2412 1050 2463 Romulus
1070 2422 1095 2462 et
1113 2411 1211 2462 Remus

168 2465 310 2544 lactentes,
321 2497 412 2553 raptus
424 2484 596 2552 Sabinarum,
610 2509 670 2541 mox
679 2490 778 2543 bellum
790 2505 816 2543 et
829 2491 935 2545 taudem
946 2491 1032 2544 foedus
1045 2493 1133 2544 ictum.
1145 2491 1210 2542 Meti

167 2549 277 2606 Fuifetii
291 2561 467 2631 supplicium,
481 2567 530 2618 etsi
543 2566 576 2618 ad
589 2587 694 2620 sensum
706 2583 826 2622 nostrum
841 2573 919 2623 nimis
936 2569 1037 2623 foedum
1049 2584 1075 2622 et
1088 2585 1211 2622 aversan-

169 2631 246 2698 dum,
258 2649 285 2687 ut
291 2637 347 2704 jam
358 2638 469 2695 diximus
478 2683 486 2712 ,
496 2645 569 2697 duris
576 2649 755 2700 Romanorum
765 2651 874 2722 ingeniis
885 2650 953 2701 forte
962 2649 1048 2700 minus
1059 2647 1209 2718 displicuit:

166 2711 237 2765 Urbs
255 2733 270 2765 a
285 2717 417 2771 Porsenna
433 2721 557 2791 obsessa,
574 2727 693 2779 revulsus
706 2727 740 2780 ab
760 2731 870 2782 Horatio
882 2728 983 2781 Coclite
997 2745 1085 2798 pons,
1098 2727 1212 2800 Capito·

169 2788 233 2843 lium
247 2813 261 2844 a
274 2795 356 2848 Gallis
371 2800 524 2872 obsessum,
537 2819 563 2858 et
576 2825 592 2858 a
603 2807 703 2860 Manlio
716 2824 929 2882 propugnatum
942 2807 1073 2859 Saliorum
1085 2807 1209 2872 saltatio,

167 2871 347 2942 Lupercorum
366 2878 517 2949 discursus,
544 2899 726 2939 matronarum
746 2889 861 2942 invectio
867 2909 875 2950 ;
892 2901 954 2940 suut
971 2887 1028 2938 haec
1050 2884 1131 2951 tolia,
1152 2903 1208 2956 quaa

169 2967 249 3019 opere
262 2955 398 3026 exsculpto
412 2977 538 3030 expressa
549 2963 656 3034 placere
666 2976 822 3036 potuerunt.

202 3025 357 3098 Enimvero,
371 3035 461 3104 dices,
473 3053 534 3090 sunt
546 3039 602 3091 ulia
609 3079 618 3106 ,
629 3057 688 3114 quie
702 3043 734 3092 ab
744 3041 845 3115 artifice
857 3041 930 3094 reddi
943 3043 1114 3112 nequinum
1128 3040 1154 3090 ln
1166 3037 1208 3091 his

167 3105 212 3158 ille
224 3129 229 3158 :
242 3109 372 3164 Incedunt
383 3116 456 3168 victe
468 3116 546 3191 longo
558 3121 649 3173 ordine
657 3133 763 3193 gentes,
783 3125 868 3193 Quum
885 3121 963 3173 vatin
982 3119 1095 3192 linquis,
1116 3119 1208 3171 babitu

162 3196 220 3237 tom
231 3191 304 3242 vestis
312 3203 337 3242 et
345 3196 603 3271 carmin—etpumia
613 3215 673 3254 ante
683 3224 688 3254 ι
703 3203 829 3254 Omnibus
837 3203 865 3254 in
873 3200 975 3274 templis
982 3211 1095 3251 matrum
1105 3199 1207 3264 chorus,

167 3268 286 3321 omnibns
301 3289 353 3322 ane
364 3284 410 3325 ete.
427 3293 517 3328 arcum
535 3279 683 3333 intendebat
695 3279 792 3353 Apollo
808 3284 943 3351 Desuper,
962 3279 1047 3330 omnis
1060 3295 1089 3329 eo
1110 3288 1206 3330 terrore
1237 3306 1243 3318 ·

169 3421 280 3472 Omiasem
296 3445 344 3478 esse
360 3435 478 3481 notoriam
495 3437 525 3485 de
542 3439 630 3502 Pyrrho
643 3452 666 3486 et
711 3443 779 3504 jungi
794 3441 906 3488 scelerum
923 3441 947 3486 in
962 3439 1060 3502 puniam
1074 3439 1208 3484 commisso·

169 3496 256 3554 ¹³²th
266 3503 354 3564 quippe
366 3521 435 3567 quam
445 3509 493 3570 jem
505 3508 567 3555 libro
579 3512 608 3554 vt
618 3513 665 3557 An·
713 3525 764 3558 rum
775 3525 798 3558 et
807 3524 914 3558 natorum
922 3510 977 3556 lude
984 3508 1098 3555 bellorum
1106 3507 1209 3554 civilium

168 3565 241 3615 chisen
264 3587 430 3622 memoraverat
450 3581 523 3635 (satis
541 3579 664 3640 obscure).
713 3583 869 3630 declaratione
883 3581 991 3642 (AEneid.
1008 3581 1048 3626 lib.
1066 3579 1109 3636 Vl,
1124 3595 1147 3624 v.
1164 3579 1209 3624 666

167 3639 216 3684 iam
226 3641 311 3703 subjici
321 3661 333 3690 a
343 3659 411 3707 poeta
426 3665 515 3697 eausam
529 3654 664 3700 incremen-
713 3667 853 3700 memoratur
870 3651 970 3700 Catilina
986 3653 1010 3697 in
1027 3653 1135 3705 Tartaro,
1153 3650 1210 3695 Cato

168 3722 243 3756 torum
261 3726 388 3774 tantorum,
406 3722 517 3781 pietatem
533 3724 558 3767 in
572 3721 628 3770 deos
641 3738 664 3771 et
713 3725 738 3768 iu
756 3723 850 3770 sedibus
868 3725 987 3787 piorum).
1003 3721 1107 3768 Tandem
1123 3723 1148 3766 in
1163 3721 1209 3764 llo-

167 3783 344 3831 cerimoniarnm
360 3786 497 3850 religionem
513 3809 534 3838 v.
549 3793 607 3850 663,
623 3811 662 3841 se·
712 3796 773 3839 mani
783 3796 875 3858 imperii
883 3797 1002 3857 majestate
1014 3792 1043 3838 ab
1053 3793 1155 3855 Augusta
1162 3793 1211 3838 titt·

166 3854 267 3899 cundum
274 3853 312 3900 illa
320 3859 406 3904 Horatii
415 3859 445 3904 lli
450 3893 458 3915 ,
468 3861 495 3918 6,
508 3863 533 3907 5:
543 3861 585 3922 Dis
596 3873 616 3910 te
626 3869 664 3910 mi-
712 3863 787 3909 dicata
802 3877 824 3910 et
842 3881 884 3927 per
903 3877 1014 3910 terrarum
1029 3862 1108 3908 orbem
1124 3876 1209 3926 propa-

166 3937 241 3967 mmm
251 3927 386 3990 ‘3¹¹⁰d9ffl'ss
397 3931 499 3990 imperas.
507 3931 577 3990 Quod
586 3947 662 3982 autem
711 3947 761 3995 gata
778 3948 870 3995 poetam
889 3933 1020 3980 subsistere.
1031 3953 1042 3974 ι
1059 3933 1209 3996 Segacitatem

166 3994 286 4053 requitur:
305 3995 337 4040 Di
354 3996 425 4043 multa
444 3999 539 4063 neqleetr'
552 4002 663 4052 dederunt
711 4019 735 4052 et
748 4021 846 4053 acumen
856 4009 882 4052 in
897 4021 974 4052 rerum
989 4004 1100 4054 similirun
1115 4017 1209 4065 compu-

167 4063 280 4125 Hespen'oe
289 4065 663 4136 nunlucuoseflvirgttnsut»
710 4079 800 4128 ratione
809 4093 879 4128 nemo
888 4075 1010 4125 desideret.
