2956 4680
261 379 327 464 454
508 385 541 444 Ρ.
566 379 799 444 VlRGlLlI
822 383 1054 450 MARONlS

257 505 312 570 Sin
323 506 468 593 aliquem
479 503 653 569 infandum
665 527 791 584 casum,
805 507 963 585 Fortuna,
980 508 1134 588 minaris;

258 613 367 690 Nunc,
382 633 402 674 o
415 633 503 676 nuuc
515 611 611 675 liceat
621 609 791 676 crudelem
805 611 1003 700 abrumpere
1016 615 1140 691 vitam,

258 717 346 779 Dum
358 738 446 782 curae
457 715 632 802 ambiguae,
646 714 726 780 dum
740 739 814 806 spes
827 718 952 782 incerta
964 719 1081 798 futuri,
1290 731 1336 777 sta

258 823 346 884 Dum
359 839 404 902 te,
419 845 492 887 care
504 844 602 910 puer,
615 845 686 886 mea
700 845 772 887 sem
784 839 818 888 et
829 821 898 888 sola
910 823 1077 912 voluptas,

259 927 429 1015 Conplexu
441 943 555 1006 teneo;
567 928 751 1014 graviorne
763 928 898 992 nuntius
910 931 999 993 auris

258 1033 427 1098 Volneret.
440 1063 453 1092 u
470 1035 549 1098 Haec
562 1033 691 1120 genitor
703 1031 853 1121 digressu
865 1032 953 1099 dicta
966 1056 1124 1123 supremo

260 1137 447 1219 Fundebat;
460 1139 574 1204 famuli
586 1139 781 1226 conlapsum
792 1139 827 1202 in
840 1156 925 1204 tecta
937 1139 1099 1204 ferebant.

301 1250 442 1336 Jamque
453 1247 537 1312 adeo
551 1247 673 1311 exierat
682 1247 785 1334 portis
799 1248 963 1336 equitatus
976 1250 1113 1336 apertis;
1279 1263 1329 1310 585

260 1357 376 1418 AEneas
388 1355 475 1417 inter
486 1354 624 1441 primos,
637 1369 671 1416 et
683 1351 769 1417 lidus
781 1352 937 1432 Achates;

261 1457 342 1523 lude
355 1459 409 1523 alii
421 1459 531 1548 Trojae
543 1480 713 1547 procerem
726 1459 795 1545 ipee
805 1458 937 1546 agmine
950 1457 1053 1522 Pallas

259 1567 298 1629 ln
311 1564 436 1644 medio,
450 1563 636 1654 chlamyde,
650 1579 683 1628 et
695 1563 790 1652 pictis
802 1580 998 1652 conspectus
1012 1563 1159 1630 inarmis
1172 1589 1178 1628 :

257 1671 384 1752 QualiS,
397 1667 455 1732 ubi
467 1667 590 1734 Oceani
603 1669 755 1756 perfusus
768 1669 903 1734 Lucifer
914 1667 1018 1748 unde,

259 1777 367 1858 Quem
379 1777 492 1838 Venus
504 1791 579 1838 ante
591 1773 849 1839 alloeastrorum
862 1773 968 1862 diligit
980 1774 1079 1861 ignit,
1268 1791 1318 1850 ⁵9·

255 1986 297 2018 oro
306 1979 328 2014 et
335 1967 459 2032 putiorEd.
472 1967 531 2013 Ven.
545 1968 599 2012 Vite
609 1983 671 2014 utum
681 1983 689 2013 .·
699 1971 774 2030 pauor
782 1967 851 2014 Goth.
863 1984 910 2015 aec.
923 1969 1026 2032 qrwmuir
1037 1967 1103 2014 Leid.
1115 1993 1148 2004 —
1160 1970 1213 2030 579.
1226 1971 1313 2025 Nunc,

259 2057 332 2097 nunc,
350 2057 368 2087 o
382 2039 447 2086 licem
456 2039 542 2086 Medic.
556 2051 578 2087 et
590 2043 662 2086 ceteri
674 2041 754 2086 lleina.
773 2043 889 2103 (excepto
901 2039 999 2086 Mentel.
1011 2057 1047 2103 pr.
1056 2041 1077 2098 l,
1097 2041 1154 2086 item
1166 2038 1266 2088 Dortill.
1287 2053 1313 2086 ea

259 2113 310 2160 bini
322 2111 405 2168 Goth.¹
424 2109 526 2174 pretulit
538 2127 633 2175 quoque
645 2111 799 2173 Cuningbaua.
815 2113 891 2166 Tune,
910 2119 975 2166 tune,
993 2128 1007 2158 o
1025 2110 1091 2156 beent
1100 2109 1180 2156 Sclaol.
1193 2111 1265 2156 l’eraii
1279 2111 1312 2156 atl

261 2187 308 2230 Sat.
318 2185 342 2238 l,
356 2185 392 2230 25.
409 2183 455 2229 Sed
471 2183 501 2229 cl.
512 2180 554 2228 lib.
567 2184 600 2238 ll,
619 2181 672 2238 ott.
685 2198 788 2246 rumpere
800 2181 889 2228 Zuliclt.
901 2205 933 2218 ·-
944 2181 996 2228 580.
1012 2181 1074 2226 Dum
1081 2195 1132 2244 apes
1142 2178 1253 2244 mbt'quoe
1264 2194 1311 2224 eat-

261 2269 305 2308 ror,
321 2255 376 2300 dum
387 2255 435 2318 r',f.
449 2255 553 2302 Parrbaa.
564 2279 596 2290 -
607 2253 658 2300 581.
673 2269 724 2300 meo
733 2253 782 2300 solo
792 2262 816 2300 et
826 2268 876 2300 sero
887 2253 939 2309 alii,
957 2254 1026 2299 etiam
1038 2255 1139 2298 Serviat.
1149 2252 1197 2297 vid.
1210 2252 1271 2296 tter.
1286 2264 1312 2297 et

259 2325 339 2371 lleint.
349 2341 403 2372 cum
412 2328 490 2371 Burm.
501 2323 550 2372 solo
561 2333 584 2370 et
593 2333 655 2370 certo
664 2323 734 2370 Gotlt.
747 2336 800 2370 tert.
812 2347 844 2358 -
856 2323 908 2368 582.
918 2321 1049 2386 complexus
1061 2323 1124 2368 Rom.
1137 2321 1224 2368 Medic.
1233 2333 1255 2367 et
1264 2319 1308 2367 alii

260 2396 340 2442 lietu«.
358 2395 464 2460 amplexu
483 2397 587 2443 Perrhae.
610 2409 654 2441 nen
666 2395 727 2440 Gutl.
740 2411 753 2442 a
764 2411 796 2440 aa.
809 2411 869 2450 tec,
888 2395 953 2458 qnod
969 2393 1050 2440 maluit
1061 2392 1214 2458 Cuninghatn.
1228 2405 1308 2437 nee·-

260 2464 365 2511 vulnerat
375 2466 506 2512 Markland.
517 2465 656 2511 emendabat
667 2465 697 2510 atl
708 2467 764 2511 Stat.
777 2465 798 2508 V
809 2463 865 2510 Silr.
878 2481 905 2520 a,
917 2464 959 2521 88,
971 2467 1085 2512 sententia
1094 2479 1188 2526 proetus
1197 2465 1221 2510 in
1233 2461 1307 2506 alium

261 2550 353 2580 eentum
365 2534 464 2582 detorta.
475 2558 508 2570 -
519 2534 572 2580 ⁵83.
588 2533 695 2580 Verberet
706 2532 777 2580 Goth.
791 2546 856 2590 tert,
876 2547 899 2580 et
916 2537 948 2580 tic
960 2535 1065 2580 Donatus
1076 2535 1101 2580 in
1111 2534 1205 2579 Terent.
1221 2531 1306 2594 llecyr.

258 2605 299 2658 lV,
307 2604 335 2659 Δ,
346 2604 412 2666 quod
422 2603 530 2665 placebat
539 2605 630 2659 licina,
642 2604 683 2650 aed
694 2606 778 2650 merito
790 2607 905 2667 reiectum
913 2621 926 2650 a
935 2606 1082 2660 Burmanno,
1090 2619 1161 2667 quern
1171 2601 1231 2650 ride.
1244 2603 1304 2646 Uerta

259 2672 302 2721 rei
313 2674 444 2728 vulnerare,
457 2676 498 2738 qui
509 2671 554 2720 rui
563 2673 647 2737 optim
660 2691 697 2737 ap.
707 2676 834 2722 Homerum
842 2691 886 2738 pro
896 2671 1003 2738 βλέψω.
1018 2684 1096 2721 masto
1107 2689 1211 2738 supmnto
1218 2671 1305 2720 Medic.

260 2763 272 2790 a
291 2759 320 2789 m.
339 2761 375 2806 pr.
388 2769 419 2779 -
431 2745 482 2792 585.
494 2753 571 2807 portos
581 2753 671 2807 apertos
683 2746 773 2806 lingon.
785 2769 817 2782 -··
829 2746 881 2810 587.
892 2761 997 2808 praenes
1011 2748 1085 2808 ijoe
1096 2743 1162 2791 [eid.
1174 2768 1206 2780 -
1217 2741 1268 2789 588.
1281 2743 1306 2787 lt

260 2817 332 2862 aredio
343 2816 451 2862 emendat
462 2815 594 2862 Markland.
604 2815 700 2862 adstat.
712 2817 732 2858 V
742 2815 798 2862 Silr.
809 2818 832 2872 l,
847 2817 899 2873 att.
911 2817 958 2864 vid.
968 2817 1012 2864 inf.
1024 2815 1069 2878 675
1080 2827 1104 2861 et
1115 2814 1184 2860 al.-·
1193 2813 1245 2874 539.
1254 2829 1305 2876 pto-

257 2885 325 2946 }'usut
334 2901 380 2933 tec.
392 2884 489 2932 Mentel.
503 2886 552 2932 vn.
566 2884 618 2947 589.
633 2886 686 2947 590.
698 2886 791 2932 excitati
803 2888 828 2933 in
838 2885 903 2932 lulio
914 2885 1017 2950 Capitol.
1029 2887 1055 2931 in
1066 2885 1194 2930 Maximino
1202 2887 1302 2947 junapt-

260 3061 447 3101 oonventarut.
467 3077 502 3087 -
521 3048 579 3118 578.
604 3047 668 3108 Sim·
694 3059 759 3100 nota
808 3050 974 3119 parationem
994 3045 1120 3098 Pallantis
1144 3061 1204 3094 cum
1229 3038 1307 3092 stella

258 3127 477 3194 arquata-580.
489 3129 591 3179 acutius
601 3128 758 3180 sententiam
807 3128 917 3180 Veneris
930 3127 979 3178 sub
992 3137 1133 3177 extremum
1146 3133 1250 3174 noctem
1265 3137 1308 3169 or·-

261 3209 354 3261 extulit
364 3207 452 3260 Valet.
466 3205 698 3275 1²1.1‚326‚327‚
712 3205 758 3257 ubi
808 3217 852 3270 ta,
871 3205 947 3257 multi
966 3204 1190 3277 pronuntiarunt,
1202 3219 1250 3251 nec
1265 3212 1305 3250 ta·

260 3309 276 3346 a
296 3307 322 3340 r.
343 3288 394 3340 323
412 3286 523 3356 vestigia
543 3285 662 3336 Maronis
676 3285 755 3356 legitr
807 3303 869 3338 men
889 3284 979 3338 locum
992 3296 1128 3337 enotatum
1144 3280 1237 3344 video,
1258 3280 1304 3349 qui

259 3369 307 3422 Sin
318 3365 395 3418 aliud
405 3365 521 3416 Fortuna
530 3372 624 3432 parat:
639 3362 757 3416 incerere
806 3362 945 3415 commode
957 3364 1020 3416 tatia
1036 3363 1187 3432 comparari
1202 3360 1304 3430 possit:

257 3457 414 3520 pareutum,
426 3443 497 3493 Mors
507 3441 589 3506 bona,
599 3441 662 3492 dum
675 3451 758 3494 metus
805 3441 881 3495 lliad.
896 3460 919 3502 t,
932 3441 963 3506 6,
980 3458 995 3510 7
1013 3435 1046 3492 tle
1064 3438 1187 3492 carticula
1202 3438 1305 3510 agitur,

258 3540 309 3594 est,
322 3545 369 3578 nee
381 3521 468 3574 adhuc
481 3518 674 3573 dolon-581.
687 3538 755 3582 term
806 3521 877 3573 unde
896 3520 1053 3574 translatum
1074 3531 1115 3571 est
1134 3515 1218 3570 illud:
1239 3511 1261 3572 ie
1279 3535 1304 3567 rt

258 3627 321 3683 ergo
339 3617 397 3658 erat
416 3597 553 3666 retiam,
575 3601 602 3652 in
621 3612 757 3654 senectute
803 3596 913 3666 μὼπιι
930 3595 1040 3669 Λιμηδν
1061 3597 1211 3666 repedem
1227 3611 1305 3646 teten-

259 3690 343 3764 pntria
355 3697 442 3736 natus.
464 3683 536 3733 conf.
554 3679 640 3734 Guell.
651 3710 686 3721 -
696 3681 756 3734 588.
803 3677 870 3747 pirae
882 3680 1015 3744 Ὠιιαιοῖος
1025 3697 1080 3731 non
1096 3680 1175 3750 igitur
1184 3675 1305 3749 perfusus

259 3773 320 3823 Nou
328 3781 444 3838 agnosco
452 3759 679 3834 hypallagemeed
685 3761 758 3831 picta
783 3773 788 3782 ·
809 3754 1306 3829 Oceaniurtdoaliospectat‚quamatl

259 3865 335 3902 arma
354 3855 416 3894 tunt
435 3859 501 3894 auro
522 3852 686 3913 argentoque
705 3838 758 3890 dir·
807 3855 894 3894 ortum
906 3840 1023 3892 ermari.
1039 3839 1122 3908 Quem
1138 3838 1304 3900 Venatum,

260 3931 351 3978 tincta.
368 3923 551 3973 Memorantur
569 3933 594 3972 et
612 3918 690 3986 alibi,
707 3921 756 3986 xl,
807 3918 1137 3991 quiueststellul'eneris‚
1149 3915 1306 3968 ntaatisno·

261 4006 321 4058 660.
334 4003 394 4066 llll,
409 4001 467 4072 ²⁸¹..·
806 4011 877 4050 turn:
890 4018 913 4049 v.
925 3997 1010 4052 Guell.
1019 3993 1305 4060 Pariadeeutlernttel·

296 4085 347 4152 589
361 4099 416 4151 teq-
431 4080 597 4132 llomericam
614 4097 671 4132 etse
686 4098 756 4146 com·
807 4078 833 4130 la
843 4077 892 4130 tub
902 4095 1041 4154 vesperam
1051 4089 1118 4140 orta,
1129 4073 1203 4127 lliatl.
1214 4073 1302 4139 Χρις
