2996 4694
219 487 221 490 ,
277 433 297 510 4
525 428 559 489 r.
583 423 814 488 vmomu
836 379 1066 494 Mauoms

273 552 397 614 Moenia
409 547 601 636 respicient,
618 571 690 637 quae
699 548 768 638 jam
780 549 920 614 infdliois
933 551 1044 616 Elissae

274 659 458 724 Conlucent
469 656 617 722 flammis.
631 657 711 738 Quae
723 673 851 721 tantum
863 657 1055 723 adcenderit
1066 659 1189 747 ignem,

274 771 394 832 Caussa
406 767 500 830 latet:
515 764 588 828 duri
601 787 720 852 magno
732 763 792 828 sed
803 787 916 829 amore
928 765 1062 831 dolores
1242 779 1244 784 '
1300 775 1313 821 ⁵

273 874 417 952 Polluto,
432 890 629 960 notumque,
643 871 756 935 furens
768 871 850 959 quid
864 874 986 937 femina
998 875 1115 962 possit,

272 980 382 1044 Triste
393 1002 453 1068 per
463 977 637 1066 augurium
649 977 856 1042 Teucrorum
868 994 1002 1066 pectora
1017 978 1156 1044 ducunt.

299 1115 303 1123 ·
317 1087 362 1149 Ut
371 1084 508 1173 pelagus
519 1099 655 1147 tenuere
667 1099 767 1160 rates,
781 1105 843 1147 uec
850 1083 920 1172 jam
931 1084 1072 1172 amplius
1084 1083 1151 1148 ulia

272 1165 1263 1278 Ommfflmmmmfflmwmwfflfflm'

271 1296 336 1364 Olli
348 1295 506 1361 caeruleus
519 1314 618 1378 supra
630 1309 728 1378 caput
739 1290 864 1356 adstitit
875 1293 995 1374 imber,
1286 1320 1313 1351 ro

299 1522 322 1569 3.
330 1516 462 1585 jamfeiicr's
478 1516 568 1580 aliquot
579 1516 652 1572 Piera,
663 1515 734 1562 male.
743 1516 807 1572 -d.
819 1519 953 1565 accendemt
961 1517 1028 1563 Leid.
1041 1517 1163 1562 incenderit
1174 1515 1232 1562 aliua
1244 1515 1310 1561 Leid.

270 1619 302 1632 ·-
310 1594 331 1640 5.
341 1592 386 1638 dur·
393 1587 506 1634 Moutalb.
518 1586 560 1633 aab
569 1601 644 1634 artiore
654 1585 727 1632 wall.
740 1600 764 1646 ot
772 1589 861 1636 zulich.
875 1589 952 1636 deleta
964 1591 1042 1651 priore
1054 1590 1183 1650 scriptura:
1196 1588 1312 1647 imperite.

271 1663 354 1712 doloris
364 1661 450 1707 Medic.
458 1683 491 1696 --
499 1660 522 1705 6.
532 1668 609 1722 posset
620 1660 704 1706 Moret.
717 1675 763 1706 sec.
776 1673 800 1706 et
811 1661 880 1708 Goth.
893 1674 946 1708 tert.
956 1685 988 1698 ·-
997 1659 1047 1706 8-
1058 1674 1092 1704 ιι.
1110 1667 1160 1722 nup.
1172 1657 1216 1713 nt,
1233 1671 1313 1717 19²-

273 1737 315 1797 195
326 1737 374 1797 jam
390 1730 446 1778 letti
459 1745 545 1778 versut.
559 1733 610 1794 jam
625 1730 691 1776 deest
706 1731 792 1778 Mor-et.
803 1755 836 1768 -
846 1749 869 1794 9.
887 1721 992 1795 Apporrt
1006 1747 1046 1776 uu.
1059 1728 1202 1792 Guelphrrb.
1219 1731 1243 1774 iu
1258 1727 1312 1772 Exc.

270 1807 333 1852 Cort.
353 1805 432 1850 Lectio
449 1806 557 1848 mantra.
572 1812 629 1848 etu.
646 1800 727 1848 coeium
740 1815 775 1850 ert
794 1819 822 1848 ex
838 1805 899 1850 Pier.
919 1816 942 1850 et
959 1803 1037 1850 Heius.
1056 1801 1123 1848 libris
1139 1799 1269 1863 potioribus
1284 1797 1314 1842 ab

270 1876 367 1922 Heinrio
382 1877 491 1936 reposita.
503 1871 611 1935 vulgaris
623 1872 693 1919 lectio
706 1886 771 1920 erat:
789 1872 871 1920 coelum
882 1890 906 1920 u.
917 1881 941 1918 οι
954 1889 976 1918 ιι.
989 1873 1087 1927 Pontus,
1097 1870 1202 1917 traducta
1212 1868 1272 1914 iorte
1285 1881 1313 1912 ex

269 1947 313 1998 lib.
330 1945 376 2000 111,
393 1945 449 2006 193,
462 1943 525 1991 unde
542 1957 566 1990 et
577 1941 690 2004 Quinctil.
703 1945 745 1990 xll
756 1961 852 2008 prooem.
867 1947 960 2010 petiisse
972 1943 1073 1990 videtur.
1084 1952 1108 1989 et
1118 1943 1182 1989 abeat
1196 1956 1210 1986 a
1223 1937 1313 1984 zulich.

268 2041 301 2052 ··-
314 2031 349 2062 ιο.
365 2012 404 2061 mr·
414 2013 490 2060 multi.
505 2017 589 2060 exstitit
600 2013 659 2060 ven.
673 2026 696 2061 rt
707 2013 820 2060 Montaih.

268 2199 764 2274 gam),vuigairiusesseumarealtum.
814 2203 884 2255 Dido
913 2200 1033 2274 poliuere
1056 2201 1149 2254 debuit
1176 2213 1312 2260 amorem,

267 2283 581 2344 Atcemmrecteserv.
601 2286 703 2336 itineris
725 2284 766 2334 sui
817 2297 946 2354 quatenus
974 2301 1007 2335 eo
1040 2281 1156 2334 adducta
1185 2289 1260 2340 erat,
1284 2287 1314 2326 ut

268 2373 369 2424 certus,
384 2364 528 2430 persistens
539 2366 566 2414 in
579 2363 691 2414 consilio
703 2380 768 2433 pro·
815 2377 926 2415 mortem
940 2362 991 2412 sibi
1002 2363 1121 2412 inferret.
1133 2359 1201 2409 Nam
1211 2352 1314 2426 pollue·

268 2438 402 2489 ficiscendi
410 2441 437 2488 in
447 2441 559 2498 ltaliam.
573 2438 699 2511 aquilone
711 2439 772 2492 dic·
815 2459 843 2492 re
854 2440 944 2492 locum
951 2439 1033 2490 habet
1042 2440 1070 2488 in
1078 2434 1164 2498 rude,
1175 2433 1313 2504 sauguine,

266 2529 324 2566 tum
337 2515 507 2580 absolute,et
517 2517 604 2586 simpl.
618 2535 668 2587 pro
675 2529 764 2568 vento.
814 2519 931 2588 piaculo.
945 2519 1026 2567 Recte
1035 2513 1143 2584 quidem
1152 2535 1158 2562 ι
1168 2512 1214 2563 sed
1227 2512 1313 2562 minus

267 2607 297 2644 ut
309 2613 367 2664 sup.
382 2595 426 2660 lv,
437 2594 496 2645 διο.
505 2605 532 2645 et
540 2595 633 2646 mediis
641 2613 774 2666 properas,
813 2596 867 2647 hoc
882 2592 1112 2647 accommodatum
1123 2590 1150 2641 h.
1166 2590 1184 2640 l.
1204 2588 1314 2658 adjunc-

265 2671 435 2743 aquilonidus
448 2674 485 2723 ire
502 2690 552 2743 per
563 2671 664 2736 altum,
680 2686 706 2724 et
725 2691 764 2723 rs.
813 2678 860 2736 tis;
874 2674 940 2745 quid
952 2673 1013 2724 duri
1022 2670 1121 2723 dolam
1133 2687 1229 2740 mapno
1242 2686 1314 2719 amo-

267 2753 316 2804 562
328 2753 386 2822 pari
398 2751 479 2804 modo
489 2750 621 2822 Zephyros
633 2751 764 2803 secundos
781 2797 789 2809 ,
814 2773 842 2805 re
847 2752 951 2825 polluto
959 2751 1065 2804 efficere
1073 2751 1184 2822 possint.
1194 2750 1264 2820 Ergo
1272 2751 1310 2799 sic

266 2831 376 2884 dixerat.
390 2831 585 2903 Carthaginem
595 2831 698 2882 ltaliam
708 2843 767 2883 ten·
814 2833 957 2886 dicandum
971 2854 977 2881 z
997 2849 1072 2883 amor
1083 2830 1184 2883 violata
1204 2827 1256 2880 fide
1278 2828 1312 2880 ab

266 2911 332 2962 dens
343 2923 433 2961 austro
446 2923 502 2960 tum
512 2911 551 2960 uti
564 2909 666 2960 debuit.
814 2913 898 2966 altero
912 2921 1017 2964 amante
1026 2907 1114 2982 pollui
1125 2909 1234 2980 proprie
1247 2907 1314 2960 dici·

303 2989 389 3059 5-—7-
408 2990 453 3042 sed
469 2989 530 3040 duri
550 2987 649 3040 doloret
668 3007 764 3061 mapno
814 3005 858 3043 tur
866 3011 898 3042 ex
906 2987 1206 3052 adulterio‚concubitu
1216 2988 1312 3039 vetito:

265 3089 354 3122 amore
376 3067 502 3141 polluto',
524 3068 597 3139 quod
622 3071 764 3141 cogitant,
813 3091 839 3122 ν.
853 3090 876 3122 c.
889 3069 982 3120 Horat.
1002 3069 1047 3131 lV,
1069 3065 1099 3132 5,
1123 3083 1164 3127 213
1189 3077 1218 3116 ut
1234 3065 1313 3116 etiam
1333 3098 1339 3107 -

266 3167 320 3218 quo
343 3169 482 3220 erumpere
508 3149 655 3219 possitve!
681 3148 765 3200 soleat
814 3151 879 3203 fides
913 3149 1097 3219 corrumpitur.
1131 3149 1211 3198 Poeta
1243 3145 1313 3197 idem

265 3227 343 3280 dolor
367 3231 447 3280 animi
471 3228 647 3280 intolerabilis
667 3247 765 3301 magno
813 3249 885 3282 nunc
899 3227 965 3280 dixit
988 3246 1038 3299 pro
1059 3226 1111 3279 fide
1134 3227 1231 3278 amoris
1251 3225 1312 3274 laesa

265 3308 765 3379 amorelaeso,notumque‚et‚quod
814 3311 962 3362 omninoet
983 3307 1084 3359 violata
1103 3307 1136 3358 ab
1158 3307 1247 3357 AEnea.
1273 3301 1318 3357 Ita

264 3407 319 3440 uon
331 3391 471 3461 ignorant,
480 3387 576 3458 fumus
588 3387 654 3459 quid
657 3387 764 3457 femina
805 3393 882 3463 jura,
891 3389 1012 3460 soedera,
1023 3387 1108 3458 pollui
1120 3385 1245 3435 dicuntur
1255 3400 1313 3452 qum

263 3468 356 3536 possit,
368 3467 425 3519 haec
437 3467 682 3531 ducunt‘l'eucros,
699 3469 766 3520 Teu·
815 3470 963 3529 violentum
984 3468 1048 3536 quia
1070 3461 1163 3514 eadem
1182 3479 1259 3514 sacra
1282 3481 1313 3512 ac

265 3563 367 3597 crorum
390 3558 517 3616 pectora,
542 3565 591 3618 per
620 3547 765 3618 augurium
815 3562 923 3612 sancta,
946 3558 1033 3608 casta,
1050 3555 1200 3595 sunt—v.
1223 3560 1238 3612 7
1258 3543 1314 3592 aui·

265 3627 350 3688 triste,
360 3624 387 3674 h.
408 3645 430 3676 e.
441 3626 519 3678 facile
529 3625 667 3678 adducunt
676 3646 721 3679 eos
731 3628 766 3678 ad
814 3647 886 3679 mum
900 3627 1001 3678 ducunt
1010 3641 1059 3694 per
1070 3622 1140 3674 triste
1154 3621 1294 3694 aupurium
1303 3658 1311 3683 ,

267 3701 451 3774 augurandum
471 3705 722 3776 aosuspiraudum,
736 3704 765 3755 id
815 3726 848 3758 ex
873 3706 995 3776 pluribus
1021 3703 1127 3755 indiciis
1154 3700 1311 3773 prasagium

266 3781 340 3854 quod
363 3793 437 3844 erat,
461 3783 525 3833 maii
547 3783 612 3854 quid
636 3785 761 3835 evenisse.
815 3783 1159 3846 eiiciend050mniaanimo
1172 3797 1314 3851 pererran-

265 3879 361 3934 mupno
388 3879 477 3912 amore
496 3861 618 3932 pollina,-
653 3866 764 3933 exposui
814 3863 857 3914 do.
872 3877 965 3934 perui
985 3865 1033 3926 vl,
1054 3863 1104 3931 743
1123 3878 1172 3932 per
1191 3856 1311 3928 amplum

266 3959 327 3992 cum
334 3939 435 4002 Servio,
445 3937 512 4002 loero,
523 3959 558 3992 te.
570 3943 603 3994 ab
612 3943 764 4008 AEuoa,vio·
813 3943 951 3994 Mittimur
960 3943 985 3993 E
987 3941 1091 4014 ipsium.

264 4019 321 4071 iata
334 4019 397 4071 fide.
418 4021 468 4070 Vix
488 4033 592 4086 tamen,
609 4023 712 4092 inquis,
730 4041 762 4074 eo
848 4024 951 4075 8-11.
974 4021 1057 4073 Iidem
1078 4035 1169 4071 versus
1189 4035 1247 4090 sup.
1261 4017 1310 4084 m,

263 4097 347 4153 modo
355 4097 444 4171 pollui
457 4119 533 4152 amor
543 4099 653 4162 dicitur;
672 4103 762 4174 potius
814 4099 976 4171 192-195,
989 4100 1035 4152 ubi
1047 4097 1108 4151 vido
1120 4099 1155 4150 ci.
1172 4097 1266 4170 Odyrs.
1274 4117 1307 4163 μ,
