3022 4682
287 394 348 442 100

531 370 564 436 r.
589 367 822 435 vinormr
845 337 1075 439 Minonis

280 496 356 555 Julii
370 493 496 554 Caesaris
509 508 538 551 et
552 494 679 573 Augusti
694 491 803 552 laudes
817 493 979 554 descendit
992 495 1096 555 -860
1108 517 1114 552 :
1125 492 1324 556 Marcellum·

281 605 341 664 que
361 584 496 642 Octaviae
516 581 634 657 filium,
657 583 824 642 immatura
839 599 937 643 morte
956 597 1160 665 praereptum,
1184 585 1270 642 miris
1289 587 1323 644 in

279 670 390 730 caelum
403 668 549 730 laudibus
562 670 701 730 effert-
715 672 783 730 888.
802 671 879 730 lude
894 693 951 752 per
963 671 1131 731 eburneam
1146 686 1270 752 portam
1284 671 1324 730 ad

279 779 407 838 superos
422 779 575 838 egressus,
593 759 696 818 socios
718 760 842 833 revisit,
863 759 1042 840 relictisque
1060 759 1167 818 Cumis
1184 759 1325 818 Caietam

278 860 367 928 peut.

311 988 397 1038 Etiam
409 986 462 1039 hoc
474 987 624 1059 episodium
636 989 697 1041 libri
710 991 775 1042 sexti

277 1068 311 1120 ab
320 1069 467 1138 argumenti
475 1069 592 1120 AEneidis
603 1087 706 1121 summa
714 1070 776 1122 alie-

276 1166 354 1210 num,
367 1146 458 1217 paullo
467 1147 571 1218 longius
581 1151 702 1219 petitum,
715 1163 740 1201 et
749 1150 776 1200 in
788 1134 793 1146 ⁸

277 1244 374 1298 magna
384 1227 514 1278 suavitate
527 1239 629 1291 tamen,
646 1229 777 1279 narratio-

275 1305 775 1378 nis,etquamillahabetdeleetationis

241 1377 246 1388 ’
275 1405 381 1439 cursum
391 1389 497 1452 sistere,
509 1389 637 1458 impetum
646 1388 775 1453 inhibere,

274 1468 384 1518 llomius
409 1467 543 1519 censebat.
568 1469 626 1519 Hoc
648 1487 711 1519 vero
735 1481 775 1520 est

274 1560 382 1619 poetam
393 1549 419 1597 in
431 1547 552 1598 ordinem
565 1567 672 1620 cogere,
686 1548 721 1600 ad
731 1568 775 1600 an·

229 1677 231 1682 ,
273 1625 374 1676 nulium
383 1624 524 1677 formulam
535 1644 673 1692 revocare,
684 1640 710 1679 et
718 1645 775 1678 om-

273 1724 321 1758 nes
341 1706 440 1776 ingenii
462 1707 532 1757 vires
554 1709 707 1777 infringere.
728 1708 774 1758 Est

274 1787 345 1838 enim
359 1785 411 1838 hoc
428 1787 497 1838 inter
508 1799 594 1857 poetae
605 1787 674 1856 epici
691 1786 773 1837 artili-

274 1867 325 1930 cia,
332 1883 412 1936 quum
421 1868 447 1917 iu
456 1884 510 1916 una
517 1867 620 1917 actione
626 1865 774 1918 deserenda

275 1964 382 1998 carmen
408 1947 514 2017 epicum
535 1957 702 2011 coerceatur,
728 1957 772 2009 ut,

273 2024 406 2077 varianda
426 2025 588 2076 narrationis
612 2022 774 2094 depellendi-

274 2121 325 2174 que
342 2105 480 2156 subeuntis
498 2101 599 2155 fastidii
615 2121 725 2171 caussa,
737 2104 773 2156 ad

273 2183 326 2236 alia
339 2198 510 2244 ornamenta,
521 2185 599 2236 etiam
613 2181 646 2234 ad
660 2177 772 2236 seriores

272 2261 411 2328 historias,
425 2262 577 2316 descendat.
589 2263 707 2314 Maronis
725 2281 772 2314 uu-

273 2355 326 2394 tem
348 2361 404 2394 mos
425 2342 470 2393 ille
489 2355 528 2392 est
548 2354 707 2412 perpetuus,
728 2353 771 2406 ut,

272 2421 337 2472 ‹lum
345 2422 486 2473 miratione
500 2439 588 2472 rerum
601 2439 728 2471 novarum
746 2434 772 2473 et

273 2501 440 2552 insolitarum
474 2500 576 2550 animos
607 2499 770 2550 audientium

273 2590 374 2639 teneat,
396 2577 535 2642 vaticinia,
556 2579 672 2640 somnia,
690 2579 770 2629 etiarn

272 2671 438 2708 mortuorum
460 2673 602 2726 responsa,
615 2657 710 2707 futurae
728 2674 771 2708 su-

272 2735 341 2787 bolis
354 2751 491 2786 recensum
501 2735 527 2784 in
538 2732 683 2785 subsidium
695 2733 771 2786 adhi-

272 2815 343 2866 beat.
357 2813 450 2883 Neque
467 2831 529 2863 vero
541 2825 594 2864 tam
604 2815 717 2864 otiosum
731 2828 771 2866 est

272 2892 444 2964 Episodium,
462 2911 541 2962 quarn
555 2892 665 2944 alterurn
678 2893 769 2964 paullo

274 2987 334 3026 aute
347 2973 380 3024 de
393 2972 534 3024 Palinuro:
549 2974 646 3024 namin
665 2975 723 3043 ipso
736 2973 770 3025 ad

273 3054 375 3106 ltaliam
388 3069 509 3117 accessu,
521 3051 554 3104 de
571 3071 659 3104 rerum
675 3065 771 3104 eventu

273 3137 300 3186 in
321 3151 390 3184 nova
411 3132 474 3184 sede
493 3132 623 3202 capienda
645 3131 771 3204 Sibyllam

274 3212 428 3272 consulere,
459 3209 512 3262 non
545 3214 663 3283 ineptum
697 3226 769 3274 erat;

275 3310 410 3364 quumque
430 3290 476 3343 illa
493 3291 627 3342 Anchisen
639 3293 667 3342 in
680 3293 772 3344 inferis

275 3371 467 3424 consulendum
475 3388 532 3422 esse
540 3369 653 3437 diceret,
665 3389 772 3425 necesse

275 3466 332 3504 erat
353 3469 481 3522 responso
498 3449 691 3521 obtemperare.
711 3451 773 3503 Ani·

274 3529 492 3582 madvertendum
502 3547 584 3600 porro
594 3542 645 3598 est,
657 3531 771 3600 primum

276 3609 362 3661 AEneoe
372 3608 407 3661 ad
416 3609 520 3661 ltaliam
534 3610 634 3661 aditum
646 3610 697 3662 hac
709 3629 772 3662 nar·

276 3692 378 3740 ratione
389 3687 524 3760 dignitatis
536 3702 561 3740 et
575 3691 719 3759 majestatis
729 3709 771 3741 re-

275 3767 375 3838 ligiose
391 3768 444 3820 vim
455 3779 481 3819 et
492 3767 621 3822 honorem
635 3769 771 3838 accipere;

274 3846 487 3898 necalisnumah
495 3849 771 3918 AEneidisargumento

275 3917 437 3997 posteritatis
454 3943 590 3977 recensum
606 3927 698 3978 baberi
710 3945 772 3997 pos·

278 4023 319 4066 se;
332 4003 451 4074 inprimis
464 4021 494 4053 ex
506 4005 699 4072 Romanorum,
714 4009 773 4077 qui·

276 4084 327 4140 bus
335 4101 410 4138 susm
420 4081 557 4136 AEneidern
567 4085 698 4138 condebat
705 4105 773 4160 pos·

825 1003 868 1055 ta,
891 993 985 1042 animis
1009 1003 1035 1044 et
1055 989 1171 1061 judiciis.
1193 988 1327 1042 Videntur

824 1069 965 1124 utilitatem
975 1069 1053 1140 hujus
1066 1073 1180 1138 inventi,
1193 1069 1325 1123 avocandi

823 1149 937 1202 lectores
959 1149 993 1202 sd
1014 1169 1056 1202 res
1081 1152 1192 1214 inferas,
1211 1153 1326 1202 sensisse

825 1227 883 1290 alii;
912 1248 972 1282 nam
1001 1227 1135 1296 videmus,
1165 1231 1272 1282 Homeri
1296 1232 1324 1280 in

824 1307 945 1381 Odyssea
957 1309 1095 1380 exemplo,
1106 1310 1218 1382 Necyias
1229 1328 1244 1361 a
1256 1310 1325 1360 mul·

824 1389 857 1438 tis
873 1390 972 1459 passim
991 1389 1077 1458 poetis
1093 1389 1175 1458 epicis
1196 1406 1252 1440 esse
1270 1388 1324 1440 fre·

825 1480 978 1536 quentatas3
1003 1468 1074 1518 conf.
1097 1469 1144 1518 inf.
1164 1467 1270 1519 Excurs.
1297 1468 1323 1531 l;

824 1545 1324 1598 debentenimbaenarrasioneshsbere

823 1642 946 1696 magnam
960 1625 1013 1674 vim
1026 1623 1060 1675 sd
1074 1625 1177 1676 animos
1196 1627 1324 1680 mirarum

823 1720 910 1754 rerum
925 1705 1013 1774 specie
1026 1701 1163 1754 tenendos.
1175 1703 1324 1774 viditprae-

823 1793 895 1834 terea
903 1782 1037 1854 Virgilius,
1046 1801 1095 1852 pro
1103 1781 1244 1846 heroibus,
1255 1799 1323 1854 qnos

822 1864 953 1915 Homerus
965 1876 1168 1927 commemorat,
1189 1879 1217 1915 se
1234 1863 1323 1915 Plato-

822 1943 889 1993 nicis
899 1944 1055 1994 commentis
1066 1941 1098 1994 de
1109 1943 1262 2009 animabus,
1276 1963 1323 1996 an·

822 2034 929 2093 tequam
942 2021 1011 2074 banc
1025 2023 1105 2073 vitam
1119 2024 1241 2094 ingressa
1254 2025 1321 2091 sint,

820 2104 848 2153 in
860 2102 914 2154 alio
924 2102 984 2153 loco
998 2101 1168 2173 degentibus,
1182 2103 1323 2156 commode

821 2184 860 2232 uti
869 2200 964 2252 posse,
977 2193 1006 2232 ut
1017 2182 1103 2232 AErrere
1111 2194 1232 2252 posteros
1243 2194 1269 2233 et
1278 2200 1321 2234 res

820 2261 952 2312 Romanas
963 2260 1214 2312 carminiiutexeret.
1227 2263 1321 2332 Neque

820 2359 883 2392 vero
894 2340 974 2404 nibil,
992 2339 1065 2409 quod
1078 2338 1195 2391 adhunc
1207 2339 1321 2392 descen-

820 2437 878 2470 sum
894 2418 927 2470 ad
945 2419 1045 2470 inferos
1061 2417 1184 2483 duceret,
1200 2433 1245 2471 aut
1264 2423 1321 2490 eJ'us

820 2500 1031 2568 expectationem
1043 2499 1156 2563 laceret,
1170 2502 1318 2551 antecessit.

819 2578 917 2627 Annon
940 2577 1107 2628 meminimus
1137 2578 1171 2629 ab
1199 2578 1320 2630 Anchisae

820 2653 915 2706 umbra
923 2654 996 2706 hunc
1005 2654 1161 2708 descensum
1173 2657 1228 2709 lilio
1238 2660 1321 2710 luisse

820 2733 946 2785 mandato
955 2746 981 2786 et
992 2737 1094 2786 monitu
1102 2737 1248 2804 injunctum
1256 2735 1318 2806 (lib.

819 2815 855 2878 V,
870 2813 917 2884 731
933 2832 991 2884 sqq.
1004 2815 1030 2886 )?
1048 2827 1075 2866 et
1091 2817 1173 2867 multo
1187 2830 1247 2870 ante
1262 2820 1319 2888 jam

819 2892 913 2944 llelcni
929 2895 1030 2945 monitu
1043 2894 1089 2948 lib.
1107 2897 1154 2955 ΙΙΙ,
1172 2897 1219 2964 441
1237 2899 1318 2968 sqq?

819 2973 906 3040 Quum
916 2987 1003 3026 autem
1016 2987 1100 3025 toturn
1108 2994 1214 3047 poema,
1225 2989 1250 3028 et
1258 2976 1318 3049 dig·

819 3055 908 3106 nitatis
917 3055 999 3126 epicae
1006 3055 1150 3126 plurimum
1159 3058 1279 3129 etgratie
1287 3075 1320 3109 ac

819 3132 1003 3188 delectationis
1014 3155 1045 3188 ex
1058 3137 1190 3188 vaticiniis
1201 3135 1300 3188 habeat
1312 3158 1318 3186 :

821 3231 892 3284 quse,
913 3226 942 3266 ut
955 3215 1007 3267 alio
1021 3215 1081 3267 loco
1101 3215 1237 3286 (Disquis.
1251 3233 1271 3266 s.
1285 3217 1321 3268 Vl

822 3292 855 3345 de
867 3313 918 3347 rer.
936 3297 963 3347 in
976 3297 1034 3347 AEn.
1052 3308 1128 3346 tract.
1146 3285 1320 3365 intentione)

821 3387 861 3426 est
876 3375 1057 3439 observatum,
1073 3374 1106 3425 ab
1119 3373 1320 3426 obscurioribus

822 3455 978 3526 ambagibus
991 3469 1132 3524 progressa
1147 3469 1208 3502 mox
1227 3453 1262 3505 ad
1278 3453 1319 3506 di·

821 3535 933 3585 sertiora
950 3544 976 3584 et
994 3531 1108 3582 clariora
1123 3531 1207 3584 effata
1224 3553 1321 3604 proce·

820 3611 902 3663 dunt:
915 3621 1079 3682 preparatur
1091 3612 1171 3663 etiam
1179 3611 1232 3664 hoc
1248 3613 1320 3664 libro

821 3691 931 3761 legentis
948 3691 1050 3742 animus
1068 3690 1102 3743 ad
1121 3709 1197 3744 casus
1214 3707 1239 3745 et
1260 3712 1318 3759 res,

821 3768 920 3818 morin
936 3769 1011 3819 Latio
1026 3782 1147 3824 eventum
1161 3770 1319 3838 habituras,

821 3849 934 3918 primum
945 3847 1048 3921 Sibylla
1058 3868 1199 3922 responso,
1209 3870 1233 3901 v.
1248 3852 1318 3918 84-

821 3943 871 3996 97,
884 3939 940 3979 tum
956 3929 1076 3980 Anchisae
1095 3932 1215 3982 oratione
1232 3943 1258 3982 et
1276 3949 1319 3981 re·

821 4023 902 4058 censu
914 4010 1074 4076 animarum,
1087 4027 1144 4079 quae
1154 4029 1215 4062 mox
1226 4025 1320 4082 proge-

821 4087 878 4142 nies
889 4089 976 4144 AEnese
988 4101 1056 4144 esset
1068 4091 1166 4143 futura.
