2956 4680
275 264 338 349 392
598 255 863 322 EXCURSUS
885 259 985 322 vttt

279 386 331 436 situ
345 399 376 434 ex
387 377 562 431 marmoribus
575 390 601 430 et
615 379 698 430 ruinis
711 378 894 451 deprehenso,
914 382 984 434 circs
1001 381 1128 454 templum
1147 385 1173 435 S.
1194 387 1356 439 Vi'cton‘ae

276 465 345 528 fuit,
356 459 427 512 mille
446 457 567 530 passibus
585 477 601 509 a
616 461 675 510 vico
693 459 784 512 Monte
800 459 902 523 usse,
915 459 973 511 XIV
990 461 1106 514 millibus
1122 481 1206 536 supro
1225 467 1353 532 Reate,

277 561 349 593 nunc
357 541 426 592 Rieti
435 538 499 590 ibid.
508 559 535 608 p.
548 537 590 606 93.
601 539 656 598 Neo
666 538 744 608 louge
753 537 828 591 obest
841 541 914 590 uicus
924 537 1134 608 otiosissimus,
1146 545 1223 615 qnod
1235 547 1350 616 ipsum

278 640 374 676 nomen
394 619 530 690 epitheton
549 615 676 687 olivifero
693 619 821 670 Mutuscoe
837 617 964 670 deolemt.
979 637 1038 689 7¹²·
1051 622 1237 688 Nomentum,
1252 623 1348 694 quod

277 702 346 752 inter
358 699 477 753 colonias
491 699 598 750 Latinus
610 715 668 767 sup.
687 698 736 761 vt,
755 697 804 764 773
823 711 1056 750 commemoratum
1075 701 1205 766 viditnus,
1227 702 1284 754 sed
1311 704 1348 752 in

277 799 340 853 agro
350 780 449 831 Sabino
459 781 538 836 situm
546 777 689 848 oppidum,
704 780 815 850 vestigio
829 777 909 831 hebet
922 783 986 831 satis
996 794 1069 834 cestu
1082 784 1131 833 rire
1143 783 1344 834 Nomentana

275 873 301 916 et
312 861 425 912 nominis
439 861 464 910 in
476 861 535 909 vico
548 858 684 908 Menum.
697 857 776 912 Rosea
791 876 852 908 rura
867 857 965 910 Velini.
979 861 1082 924 Romu,
1096 879 1142 912 seu
1160 863 1255 932 compi
1269 861 1342 911 tto-

277 958 340 1004 seae,
358 942 385 992 iu
403 957 466 1010 agro
483 939 594 994 licutino
612 936 646 991 ad
662 936 752 992 'laeum
765 936 902 1000 Velinum,
916 955 1024 990 summm
1037 939 1100 990 ollio
1112 941 1281 1003 fertilitatis,
1301 958 1343 990 ex

275 1018 375 1081 Plinio,
388 1019 507 1071 Varrone
520 1017 631 1086 aliisque
644 1017 706 1068 sutis
719 1017 776 1068 noti
788 1028 857 1068 suut.
870 1015 925 1068 vitl.
937 1015 1042 1068 Cluver.
1053 1037 1079 1088 p.
1090 1019 1143 1088 679
1154 1031 1179 1069 et
1189 1020 1341 1087 Capmar-

277 1098 348 1148 tinus
366 1096 382 1146 I.
400 1095 417 1146 I.
438 1113 472 1164 99
489 1113 546 1165 sqq.
559 1097 658 1165 Magne
675 1111 738 1166 pers
750 1093 846 1148 horum
859 1111 1013 1164 camporum
1025 1095 1085 1148 locu
1098 1096 1203 1148 demum
1223 1095 1338 1146 Veline

277 1180 373 1228 emIsso
386 1177 522 1228 emersisse
536 1174 657 1226 vitietur:
671 1191 801 1242 aquarum
812 1185 900 1226 autem
915 1171 1117 1243 sulphuream
1132 1174 1209 1224 limus
1220 1173 1258 1224 ed
1270 1174 1337 1224 fer-

276 1255 398 1306 tilitatem
411 1254 461 1306 soli
470 1253 542 1306 haud
555 1253 635 1306 dubie
647 1254 756 1324 profuit.
772 1251 830 1320 7¹3·
847 1252 954 1305 Tetricoe
966 1251 1092 1304 horrentis
1101 1271 1175 1324 rupes
1187 1261 1334 1303 montem-

277 1353 328 1406 que
340 1334 461 1384 Severum
475 1336 502 1384 in
515 1333 644 1383 montium
661 1332 730 1402 jugis¹
750 1332 845 1394 luisse,
866 1332 911 1400 qui
928 1330 962 1382 ad
980 1333 1107 1384 orientem
1122 1331 1224 1382 Nursiae
1236 1333 1267 1380 in
1281 1331 1335 1380 Pi-

278 1433 344 1468 ceno
358 1425 448 1477 erunt,
462 1412 579 1464 dubitari
594 1413 694 1480 nequit.
713 1411 747 1464 ef.
766 1410 869 1464 Gluvcr.
888 1429 914 1480 p.
932 1411 997 1478 692,
1018 1413 1079 1481 69³.
1097 1412 1171 1464 Ultro
1187 1410 1331 1482 oppidum

276 1495 399 1546 Leonessa
409 1493 562 1547 iuAbruzzo
579 1489 647 1542 ultra
660 1508 705 1541 eos
722 1491 859 1544 constituit
871 1489 1056 1560 Gspmurtinus
1069 1510 1096 1561 p.
1113 1507 1167 1542 iso.
1181 1491 1241 1558 7¹l-
1259 1491 1329 1541 Cas-

275 1574 377 1644 perium
399 1590 489 1624 uersus
511 1570 629 1624 Himellae
647 1569 733 1632 fluvii,
751 1571 796 1638 qui
813 1589 885 1622 nuno
900 1570 952 1622 Ata
971 1583 1024 1633 est,
1042 1573 1144 1622 fontem
1155 1571 1245 1633 sitem,
1259 1587 1327 1620 enm

277 1671 351 1714 esse,
370 1669 427 1720 quae
446 1669 518 1702 nuuc
539 1649 620 1719 Aspre
628 1686 637 1711 ‚
655 1650 717 1698 sutis
735 1661 855 1700 constet:
869 1648 987 1702 abluIsse
1005 1660 1093 1700 temen
1105 1649 1272 1718 aliquantum
1285 1647 1324 1698 ab

276 1730 328 1782 bac
341 1730 421 1794 urbe,
434 1743 460 1781 ct
478 1731 505 1780 in
523 1727 592 1780 velle
609 1727 771 1781 Prosenzatto
787 1729 878 1781 ruinas
898 1729 1017 1798 conspici
1035 1727 1116 1780 tradit
1131 1729 1323 1799 Cupmsrtiuus

277 1829 339 1881 paq.
356 1824 403 1858 ¹2²
415 1825 453 1878 sq.
471 1805 578 1858 Forulos
590 1809 616 1856 in
629 1805 689 1859 loco
705 1808 775 1863 iuter
790 1820 865 1860 vetus
880 1809 1044 1862 Amiternum
1054 1821 1081 1858 ct
1092 1809 1266 1860 recessiorem
1279 1807 1322 1857 ei-

278 1891 385 1940 vitatem
396 1884 495 1958 Aquilo
506 1887 585 1949 sitos,
597 1903 668 1936 nunc
683 1884 766 1938 Civita
780 1886 900 1942 Tomassa
910 1887 1009 1952 dictos,
1019 1889 1083 1940 satis
1092 1888 1257 1958 exploratum
1269 1898 1318 1938 est.

278 1966 357 2036 Quod
372 1978 459 2018 tomen
469 1977 548 2036 poeta
560 1965 671 2018 Forulos
682 1965 750 2018 iuter
764 1966 909 2035 Casperium
923 1979 949 2018 et
959 1967 1067 2040 flumen
1081 1965 1205 2018 Himella
1215 1983 1318 2018 memo-

279 2049 360 2111 ravit,
373 2058 549 2096 transversum
561 2047 613 2114 egit
628 2046 712 2095 virum
724 2042 905 2095 doctissimum
918 2044 999 2096 modo
1015 2045 1166 2110 laudatum,
1179 2059 1208 2096 ut
1220 2046 1318 2096 Forum

278 2147 375 2182 novum
383 2164 392 2192 ‚
406 2124 477 2197 quod
491 2126 562 2178 circe
574 2124 715 2182 llimcllom
729 2125 806 2178 situm
827 2125 892 2187 fuit,
904 2138 930 2176 et
942 2126 1037 2176 Forum
1051 2125 1128 2176 Decii
1141 2139 1246 2195 poetam
1259 2143 1318 2176 res-

278 2211 381 2282 pexisse
393 2218 507 2278 putaret.
522 2204 573 2255 Sed
585 2218 669 2275 poem¹
682 2202 733 2255 hoc
745 2203 954 2258 condonandum
967 2217 1023 2268 ωῑ,
1035 2217 1064 2256 ut
1076 2207 1103 2256 in
1115 2206 1251 2277 segionum
1263 2207 1318 2256 sim

278 2286 485 2362 geographicum
497 2284 669 2337 subtilitatem
687 2282 800 2340 deserat·
819 2289 878 2352 7¹⁵·
898 2283 1014 2336 Tiberim
1031 2301 1068 2334 sc·
1088 2302 1142 2354 qun
1159 2296 1232 2354 petet
1249 2287 1319 2336 inter

277 2372 377 2422 Narem
389 2380 415 2420 et
430 2367 565 2417 Anienem.
579 2363 702 2426 Fabaris,
722 2363 780 2416 aliis
796 2363 920 2432 Farfarus
927 2399 936 2426 ,
950 2381 1020 2415 nunc
1036 2365 1132 2428 Fam,
1150 2364 1184 2416 ed
1198 2363 1316 2416 'Iiberim

280 2447 426 2502 descendit.
448 2445 506 2512 716.
528 2442 638 2506 Nursia,
657 2459 728 2497 nuuc
740 2441 856 2506 Noreia,
869 2461 959 2496 versus
972 2444 1060 2495 fontes
1071 2443 1149 2495 Neris
1161 2445 1230 2496 inter
1242 2461 1316 2494 mon·

278 2528 344 2576 tium
356 2525 469 2593 frigora,
480 2533 506 2571 et
518 2521 618 2582 Horta,
628 2519 665 2573 ‘ad
679 2521 747 2575 ostiu
759 2521 853 2585 Naris,
868 2539 920 2591 qus
929 2521 1020 2574 Tiberi
1029 2523 1190 2587 immittitur,
1204 2541 1219 2574 u
1231 2521 1315 2572 Plinio

280 2599 386 2671 oppidis
405 2600 514 2650 Etruriae
527 2611 715 2660 annumerata,
734 2598 800 2654 nihil
817 2599 981 2652 difficultatis
996 2599 1104 2653 babent.
1119 2599 1214 2672 populi
1229 2599 1316 2651 Latini

278 2678 445 2750 intelligendi
457 2679 511 2729 sive
520 2676 552 2728 de
565 2676 676 2736 coloniis
686 2678 822 2736 Latinisin
834 2698 926 2750 speum
935 2678 1063 2734 Sabinum
1071 2680 1206 2745 deductis,
1219 2683 1271 2732 sive
1280 2680 1316 2732 de

280 2757 386 2830 oppidis
400 2777 416 2810 a
428 2757 527 2810 Latinis
540 2756 654 2810 conditis
667 2757 845 2824 solistimis,
860 2777 918 2829 quo
931 2773 1080 2830 temporum
1092 2779 1216 2815 successu
1231 2763 1257 2812 in
1270 2760 1314 2812 Sa-

277 2840 402 2892 binorum
416 2839 544 2892 ditionem
561 2850 704 2890 cesserunt.
720 2841 777 2888 IIoo
792 2838 895 2892 Cluver.
914 2859 975 2912 pag.
988 2841 1035 2894 651
1052 2844 1150 2894 statuit.
1165 2843 1236 2894 conl.
1247 2842 1313 2912 Cep-

278 2921 384 2970 murtin.
398 2937 458 2990 pap.
475 2916 523 2968 136
537 2933 595 2986 sqq.
611 2933 673 2986 717.¹
685 2915 775 2981 Allia,
791 2919 914 2988 exiguum
925 2918 1037 2984 flumen,
1048 2922 1226 2972 Romanorum
1240 2919 1314 2972 clude

279 3021 295 3053 a
306 3000 389 3052 Gallis
401 3011 512 3068 accepts
523 2998 587 3048 setis
598 3007 708 3060 notum,
719 2995 872 3064 dubitatur,
885 3016 937 3068 quo
950 2999 1010 3050 Ioco
1021 2997 1166 3051 defluxerit.
1180 2999 1312 3050 Cluverius

279 3099 336 3134 esse
347 3078 460 3132 credidit
472 3095 577 3129 omnem
589 3076 638 3126 llio
655 3076 683 3128 di
700 3093 795 3140 moseo,
809 3076 995 3147 Copmartiuus
1015 3096 1119 3131 amnem
1136 3079 1162 3130 S.
1185 3077 1312 3132 Gioounui

278 3158 348 3212 della
362 3160 455 3222 Tor-re,
473 3159 518 3227 qui
535 3158 605 3208 iufra
620 3154 703 3208 Custel
716 3154 835 3208 Giubileo
854 3157 948 3210 Tiberi.
954 3161 1082 3230 jungitur.
1097 3158 1151 3211 vid.
1171 3159 1236 3211 ibid.
1253 3177 1310 3230 peg.

281 3242 329 3307 148
346 3258 385 3310 sq.
403 3239 525 3290 Ceterum
537 3239 565 3288 in
577 3236 679 3290 Sabinis
696 3237 824 3288 abstinuit
837 3251 917 3307 poeta
929 3239 963 3290 uls
977 3240 1078 3311 eripies
1094 3239 1222 3310 Spartana
1241 3257 1310 3290 eom·

278 3317 466 3380 memorande,
480 3318 523 3367 cui
540 3315 770 3368 comminiscendis
782 3334 884 3368 morum
897 3321 1026 3372 severitus
1036 3319 1261 3389 opportunitatem
1274 3319 1310 3370 fe-

278 3411 358 3452 cerat.
368 3397 436 3449 Vide
448 3394 491 3448 vel
502 3395 573 3448 Serv.
588 3393 622 3446 ad
637 3395 712 3459 VIII,
724 3395 783 3448 638.

314 3495 364 3547 722
375 3493 449 3546 seqq.
459 3471 585 3538 Halesus,
596 3473 638 3526 vel
651 3472 757 3539 Alesus,
771 3476 856 3527 verius
871 3474 990 3528 Halesus
1005 3476 1046 3528 vel
1063 3475 1177 3540 Almus,
1194 3495 1218 3526 v.
1236 3477 1265 3526 V.
1282 3476 1309 3526 L.

279 3555 314 3610 ad
325 3557 387 3617 VII,
407 3554 466 3624 724.
486 3551 595 3605 adducit
611 3553 726 3624 populos
742 3574 756 3606 e
768 3555 861 3624 priscis
872 3555 1059 3608 Auruncorum
1069 3569 1096 3608 et
1109 3555 1231 3607 Oscorum
1245 3553 1309 3606 sedi·

277 3635 335 3686 bus.
349 3635 466 3685 Fuerunt
481 3633 526 3682 isti
542 3645 662 3684 veterum
679 3633 817 3684 Ausonum
833 3633 965 3705 reliquiis,
978 3634 1140 3705 tandemque
1157 3651 1174 3684 s
1190 3634 1308 3684 Romanis

278 3712 360 3768 deleti
372 3724 441 3764 sunt.
455 3711 579 3776 Halesus,
592 3713 816 3783 Apomemnonius
826 3712 946 3765 dictust.
960 3714 1025 3783 723,
1039 3712 1111 3785 quod
1124 3715 1269 3784 accipiunt,
1279 3725 1307 3762 ut

278 3793 311 3844 sit
325 3791 529 3862 Agamemnonis
544 3791 621 3845 lilius.
636 3793 666 3844 Id
675 3813 738 3846 vero
748 3793 863 3846 alienum
877 3815 893 3848 u
903 3809 992 3867 poeta.
1007 3797 1076 3847 Nam
1089 3797 1137 3846 inl.
1153 3794 1199 3846 lib.
1212 3794 1248 3858 X,
1260 3793 1306 3865 417

277 3885 354 3934 pater
363 3873 414 3942 ipsi
425 3874 508 3926 fuisse
516 3875 630 3927 truditur
642 3886 720 3942 vates,
732 3879 777 3948 qui
787 3894 863 3929 senex
872 3876 948 3943 obiit,
957 3876 1089 3942 etlilium,
1099 3878 1174 3945 eujus
1183 3876 1239 3928 fate
1248 3891 1308 3946 pre·

276 3949 394 4018 uiderat,
410 3953 517 4006 insilvu
533 3955 663 4012 educavit.
681 3956 903 4029 Apamemnonius
918 3959 999 4031 igitur
1018 3957 1052 4012 ed
1069 3957 1196 4029 originem
1210 3956 1306 4027 generis
