2956 4680
444 481 507 542 in
530 477 728 542 mnrium
750 477 861 540 v111.
1104 484 1164 562 433

174 607 309 661 Tarconn's
320 621 366 656 seu
380 600 530 654 Tarchonte}
545 619 658 664 nomen,
672 617 725 670 quo
738 612 818 669 poeta
829 599 877 650 inl.
891 617 914 650 r.
928 601 978 654 603
988 603 1167 667 Lucumonem

131 687 313 759 Agytlaeorum
331 681 469 751 impertiit,
489 696 542 730 non
560 679 646 730 minus
665 695 696 728 ex
712 689 799 729 vetere
815 679 941 730 memoria
959 687 1098 752 repetitum
1117 705 1166 744 est,

132 767 199 816 Fuit
210 765 280 816 enim
289 763 393 812 Tarson
406 757 516 828 aliquis,
529 759 575 827 qni
585 758 744 827 Tarquinios
755 758 784 808 in
795 756 897 808 Etruria
908 760 1056 816 condidisse
1066 768 1169 822 fereba-

133 859 192 896 tur.
205 844 272 894 Enm
285 842 372 893 statIm
383 856 443 892 curu
455 836 591 907 Tyrrheno
608 855 622 888 e
637 834 719 908 Lydia
730 837 758 886 in
769 835 870 888 ltaliam
883 840 998 904 venisse,
1009 841 1103 896 Strabo
1116 860 1170 902 tra-

133 921 223 974 ditum
235 927 374 988 receperat
386 916 431 968 lib.
445 917 476 979 V,
489 935 515 986 p.
536 914 587 967 336
599 917 635 980 A,
654 915 786 986 uulgoque
800 930 948 982 narratum,
961 919 1042 974 fuisse
1054 941 1113 978 curn
1126 947 1170 980 ca·

133 1017 202 1050 num
217 1017 232 1050 a
244 1014 326 1068 puero
338 1016 344 1045 ι
361 1012 413 1063 qua
430 993 521 1045 fabula
533 995 583 1044 viri
595 995 751 1064 sapientiam
769 993 904 1047 declarare
921 996 1027 1050 voluere
1038 999 1168 1058 homines,

132 1079 242 1150 Repetit
254 1095 313 1129 eam
325 1073 443 1126 Eustatb.
462 1072 497 1124 ad
508 1073 616 1144 Dionys.
629 1075 727 1145 Perieg.
741 1073 791 1142 347
809 1087 834 1125 et
847 1074 879 1126 ad
892 1075 966 1127 iliad.
979 1079 1006 1129 B.
1022 1099 1049 1150 p.
1066 1084 1128 1153 ¹⁶7·
1141 1089 1168 1153 ι,

135 1159 179 1210 23.
198 1155 315 1209 Discedit
330 1155 363 1208 ab
383 1153 424 1206 bis
438 1151 531 1217 Silius,
543 1153 587 1206 lib.
608 1153 853 1224 V111,474,aqu0
868 1157 977 1208 Cortona
988 1163 1092 1232 superbi
1107 1166 1171 1218 Ta„

133 1237 220 1288 contis
230 1238 320 1288 domus
330 1234 403 1287 edita
412 1246 463 1294 est;
477 1245 502 1285 et
512 1232 657 1285 secundum
667 1233 746 1298 alios,
759 1252 826 1304 quos
836 1233 901 1288 Cato
911 1237 1001 1309 origg.
1019 1257 1028 1290 ι
1043 1244 1171 1312 sequeba-

135 1327 195 1381 tur,
208 1315 280 1386 apud
293 1317 410 1368 Serrium
423 1313 458 1365 ad
470 1312 514 1364 lib.
526 1315 551 1364 X
563 1315 619 1364 AEn.
635 1316 808 1382 179Pisarnrn
820 1315 863 1368 ille
875 1317 997 1369 conditor
1005 1320 1111 1376 habitus
1122 1339 1171 1394 est,

135 1395 172 1447 ab
186 1394 243 1446 aliis
255 1397 370 1447 Mantua
382 1413 425 1465 ap.
438 1394 508 1445 Serv.
523 1394 558 1446 ad
568 1395 605 1458 X,
622 1395 682 1462 198,
696 1395 790 1464 quibus
801 1395 892 1448 saltcrn
901 1395 953 1448 boc
961 1414 1077 1468 constat,
1090 1407 1171 1459 fuisse

133 1475 295 1528 Tarcontem
312 1475 381 1527 inter
400 1485 521 1525 auctores
539 1473 632 1544 populi
650 1473 787 1538 habiturn,
803 1475 951 1548 multasque
969 1478 1079 1534 adeum
1091 1485 1170 1538 urbes
1270 1473 1274 1486 ⁵

134 1554 264 1624 originem
279 1554 408 1606 retulisse.
428 1553 513 1605 Aliter
526 1553 629 1604 ornavit
640 1552 758 1604 fabulam
777 1553 935 1625 Lycophron
951 1575 976 1608 v.
994 1562 1075 1630 1245,
1089 1567 1171 1634 1249,

133 1632 196 1696 ubi,
208 1647 304 1703 praeter
316 1634 451 1705 Ulyssem,
472 1631 593 1683 Tarchon
605 1645 632 1683 et
645 1632 810 1702 Tyrrhenus,
822 1635 933 1706 Telephi
949 1639 1082 1710 Mysorum
1102 1648 1170 1718 regis

58 1747 63 1756 -
132 1711 196 1776 titii,
209 1727 351 1764 occurrunt
364 1713 449 1764 AEueae
458 1715 485 1763 in
494 1712 583 1778 Italia,
596 1714 800 1782 societatemque
813 1731 872 1766 cum
884 1734 916 1766 eo
925 1719 1040 1792 jungunt
1054 1721 1065 1790 (
1073 1725 1119 1792 qui
1133 1725 1174 1778 ibi

132 1802 296 1842 memoratur
308 1787 402 1857 obnupis
414 1788 516 1850 hirciae,
532 1789 649 1841 Bacchus
662 1801 715 1842 est:
730 1791 763 1841 cI.
777 1789 864 1842 Schol.
881 1793 916 1843 ad
929 1813 993 1866 209,
1006 1797 1039 1850 de
1049 1816 1103 1870 quo
1116 1820 1170 1852 non

132 1868 203 1920 bene
215 1869 424 1940 dubitaveram).
437 1869 521 1920 Totus
538 1869 582 1920 ills
599 1869 675 1919 locus
692 1887 708 1920 a
723 1887 748 1919 v.
765 1871 831 1938 1239
843 1875 1020 1927 memorabilis
1033 1877 1116 1930 estad
1130 1879 1174 1931 de·

135 1947 276 1998 clarentiae
288 1961 405 1999 veterum
419 1947 572 1998 Graecorum
584 1947 617 1998 ds
629 1948 671 1997 his
686 1948 751 1998 locis
763 1951 887 2000 notitias:
901 1951 998 2004 dicitur
1009 1956 1116 2008 AEnearn
1130 1978 1173 2010 er-

135 2041 228 2076 ronem
241 2026 375 2094 excepisse
386 2024 547 2094 Tyrrhenia,
561 2042 615 2092 quo
626 2026 732 2074 nomine
744 2037 824 2093 posta
836 2026 904 2075 bene
913 2029 1016 2078 Italiam
1028 2036 1136 2083 omnino
1146 2049 1173 2086 et
1212 2056 1213 2065 ¹

137 2101 257 2171 inprimis
270 2100 330 2152 loca
339 2099 374 2152 ad
386 2099 503 2151 Tiberim
515 2099 650 2151 declarare
659 2102 761 2169 potuit,
770 2099 831 2164 sed,
839 2104 946 2154 nomine
956 2105 1116 2175 Tyrrhenia,
1126 2129 1172 2162 seu

135 2181 260 2242 Etruria,
273 2179 353 2232 semel
366 2180 468 2250 posito,
480 2178 534 2230 alia
545 2178 605 2230 loca
619 2182 675 2248 ojus
687 2178 817 2230 maritima
829 2195 963 2248 recenset,
975 2184 1108 2254 lynceum
1122 2188 1172 2240 flu.

135 2262 221 2328 vium,
234 2261 323 2312 Pisum
336 2271 363 2312 et
375 2258 509 2332 Aqylleaa.
522 2259 610 2326 Quum
621 2259 752 2332 Lynceum
763 2259 863 2312 calidas
873 2281 955 2334 aquas
966 2264 1076 2318 ebullire
1086 2268 1172 2334 dieat,

136 2340 274 2392 Cluverius
286 2341 344 2392 Ital.
365 2354 418 2392 ant.
434 2359 494 2412 pag.
514 2341 564 2410 472
584 2359 695 2411 parrum
715 2345 818 2391 aninam
837 2359 907 2394 nunc
921 2345 1012 2395 comta
1025 2343 1125 2398 dictum
1138 2349 1173 2401 ad

136 2418 300 2485 vetulonios,
308 2419 378 2471 ultra
383 2420 595 2490 promontorium
603 2419 792 2490 Populonium,
801 2419 975 2489 probabiliter
984 2424 1173 2495 interpretatur

135 2498 275 2569 Lynceum,
284 2498 553 2570 quandoquidemille
560 2497 660 2552 calidas
669 2499 901 2570 aquaspaludnsas
908 2514 1061 2555 transmeat.
1069 2505 1104 2557 cf.
1111 2523 1170 2576 sup.

136 2577 196 2630 Ere.
207 2581 217 2631 I
227 2579 262 2632 ad
273 2580 319 2632 lib.
331 2581 392 2646 VII,
404 2599 431 2652 p.
445 2576 504 2632 352.

412 2858 773 2949 EXCURSUS
808 2860 892 2946 IV.

497 3041 551 3111 De
565 3045 682 3112 AEneoe
695 3048 807 3133 clipeo.

170 3209 241 3275 VIII,
254 3207 305 3262 625
316 3206 395 3278 clipei
406 3223 459 3257 non
475 3204 620 3257 mirabile
632 3215 738 3256 textum
751 3204 852 3256 Inventi
864 3201 969 3256 landem
986 3206 1013 3256 in
1025 3207 1165 3278 splendido

139 3292 188 3345 boc
201 3291 260 3342 loco
274 3287 384 3360 Virgilio
395 3303 450 3336 non
461 3287 559 3356 magis,
571 3303 651 3356 qnam
662 3287 689 3336 in
701 3297 740 3335 tot
754 3285 827 3348 aliis,
839 3301 896 3354 quie
911 3285 939 3334 in
950 3285 1059 3339 AEncide
1075 3293 1168 3342 merito

138 3371 270 3434 miramur,
278 3367 378 3432 deberi,
386 3378 449 3417 nota
456 3382 498 3416 res
505 3377 551 3416 est.
561 3367 699 3416 Preiverat
706 3367 836 3416 Homerus
844 3363 930 3434 clipeo
938 3364 1046 3417 Achillis
1054 3367 1131 3419 Iliad.
1140 3391 1167 3433 σς

140 3463 165 3503 et
182 3447 326 3508 Hesiodus,
345 3458 390 3497 aut
410 3445 529 3514 quisquis
545 3443 590 3496 ille
605 3445 669 3506 fuit,
688 3443 775 3514 clipeo
794 3443 922 3494 Herculis.
937 3441 988 3494 Sed
1000 3446 1099 3516 ingenii
1115 3448 1168 3497 rim

140 3541 212 3581 tanto
223 3529 351 3580 acriorem
362 3521 482 3576 adhibuit
492 3538 573 3594 poeta
584 3521 705 3574 ornando
715 3534 741 3573 ct
749 3520 906 3592 expoliendo
917 3537 964 3586 eo,
978 3521 1050 3591 quod
1063 3522 1096 3574 ab
1112 3525 1169 3576 aliis

139 3613 191 3680 jam
200 3619 358 3678 occupatum
368 3605 464 3656 iuerat.
474 3605 556 3674 Atqui
565 3623 615 3656 nac
627 3623 659 3656 aa
672 3604 770 3674 ingenii
782 3601 870 3652 inlims
880 3601 938 3652 lans
948 3612 995 3652 est.
1008 3601 1073 3668 Qua
1083 3617 1170 3656 autem

141 3691 167 3742 iu
177 3690 228 3740 hoc
241 3684 360 3757 episcdio
372 3685 491 3754 inprimis
504 3681 644 3754 probanda
660 3695 734 3748 sont,
747 3681 802 3732 hec
820 3697 876 3732 esse
889 3679 1020 3732 arbitror:
1040 3681 1170 3750 primum,

143 3765 212 3835 quod
229 3775 409 3835 argumentum
427 3761 505 3834 elegit
521 3773 675 3833 argumento
687 3773 713 3812 et
725 3759 834 3812 consilio
849 3758 971 3811 carminis
988 3755 1170 3828 lectorumque

141 3845 317 3898 Romanorum
327 3841 438 3912 ingeniis
450 3841 568 3912 inprimis
578 3838 821 3903 accommodatum,
834 3854 915 3908 quum
927 3835 1057 3885 llomerns
1067 3848 1170 3890 tantum

142 3921 268 3974 mirabilia
279 3920 321 3972 vel
333 3919 461 3991 adspectu
474 3933 519 3972 aut
529 3923 655 3974 varietate
667 3933 742 3992 grata
751 3931 866 3970 sectatus
879 3927 956 3977 esset.
970 3915 1042 3966 Fecit
1051 3915 1078 3966 id
1087 3935 1169 3987 porro

144 4019 241 4053 summa
250 4019 309 4052 cum
319 4003 455 4071 majestate
464 3999 621 4066 verborum,
634 4001 822 4054 sententiarum
832 4011 858 4050 et
864 3997 1090 4069 phantasmatum
1108 4013 1170 4047 con·

144 4094 265 4149 sequutus
277 4082 356 4132 etiam
373 4093 413 4131 est
428 4097 511 4132 novas
522 4081 667 4132 marionis
685 4095 790 4131 caussas
809 4095 857 4148 per
873 4075 1064 4145 expositionem
1081 4091 1169 4124 rerum

144 4159 302 4226 futurarum,
312 4177 425 4231 quarum
433 4158 676 4233 cognoscendarum
686 4160 786 4215 animus
796 4157 927 4212 humanus
937 4152 1102 4206 aridissimus
1113 4163 1167 4202 est:

950 4239 990 4290 31.
