2956 4680
302 355 363 440 47²
545 353 579 414 r.
604 349 835 414 vinstntt
857 348 1091 417 nunonis

298 475 509 561 Extremique
520 473 694 538 hominum
706 474 841 552 Morini,
855 473 1057 564 Rhenusque
1069 475 1243 558 bicornis,

299 578 520 667 Indomitique
534 579 648 660 Dahae,
664 597 695 644 et
707 597 841 667 pontem
854 580 1042 668 indignatus
1054 586 1192 647 Araxes.
1268 635 1272 642 .

297 685 403 762 Talia,
418 707 476 771 per
488 685 630 772 clipeum
642 686 793 763 Volcani,
807 684 892 749 dona
907 687 1064 773 parentis,

296 791 449 868 Miratur,
463 813 640 880 rerumque
653 792 783 878 ignarus
796 792 936 880 imagine
949 792 1085 878 gaudet,

298 893 468 958 adtollens
480 895 619 959 humero
632 897 819 985 famamque
831 914 865 959 et
877 897 941 960 fata
954 913 1125 984 nepotum.

298 1081 334 1116 rat
343 1073 437 1135 quidam
447 1072 610 1134 apud'l'aubm.
618 1097 649 1108 -
658 1088 709 1134 7²7·
718 1071 1066 1134 Norinil’arrbas.-7r8.Dnci
1072 1071 1164 1118 editum
1172 1071 1232 1116 olim
1241 1083 1267 1116 et
1276 1073 1364 1132 scrip-

297 1153 346 1186 tum
365 1144 461 1203 passim,
482 1139 518 1187 vel
537 1141 613 1186 Ducte.
633 1141 694 1187 Male
706 1159 711 1186 :
725 1145 767 1188 Ge.
780 1143 822 1194 ΙΙΙ,
842 1141 886 1202 497
905 1143 937 1187 Et
951 1146 1067 1205 conjurato
1078 1142 1218 1186 descedens
1229 1143 1318 1186 uacus
1329 1139 1365 1184 att

298 1214 363 1257 lstro.
375 1213 421 1257 Sed
431 1212 503 1257 Dabo
513 1213 598 1258 Medic.
610 1214 666 1258 Date
683 1215 761 1268 llum,
781 1216 850 1259 etiam
868 1213 928 1268 Est,
948 1228 1006 1276 quoe
1016 1213 1143 1258 vindicavit
1153 1229 1252 1274 quoque
1262 1210 1360 1256 cerda.

295 1283 342 1328 tttit
352 1282 449 1337 Dothoe,
460 1284 544 1338 Dochi,
555 1283 644 1339 Dache,
656 1285 730 1339 Duce,
741 1284 848 1339 indocte,
859 1297 884 1330 ut
895 1296 917 1330 et
926 1301 963 1346 ap.
974 1287 1060 1330 Lutan.
1071 1285 1128 1339 Vll,
1142 1283 1195 1344 4²9.
1209 1283 1259 1328 vid.
1271 1282 1307 1327 ad
1318 1283 1360 1325 Si-

297 1352 355 1399 lium
366 1356 429 1410 ΧΙΙΙ,
439 1381 469 1390 -
480 1355 532 1418 764.
542 1365 564 1402 et
571 1365 638 1417 ponte
647 1355 759 1401 Montalb.
770 1356 855 1400 Araxis
872 1371 906 1417 pr.
925 1355 1005 1400 llamh.
1016 1380 1048 1390 -—
1059 1356 1112 1417 73¹·
1125 1353 1225 1399 hanseris
1237 1351 1357 1398 Part-has.

291 1427 453 1490 flammamque
461 1428 619 1490 Mediefnctu
627 1428 693 1474 multi
704 1429 782 1475 Heius.
795 1430 898 1490 Utraque
910 1427 980 1473 lectio
990 1428 1052 1490 apud
1063 1429 1126 1472 Serv.

296 1564 463 1626 referuntur,
480 1564 628 1636 Euphrates
648 1580 674 1619 et
692 1567 791 1619 Araxes

840 1585 918 1636 quam
934 1564 999 1616 tatia
1011 1567 1078 1617 dono
1089 1564 1216 1636 parentis.
1233 1593 1270 1602 —
1282 1561 1349 1629 731.

297 1661 357 1693 cum
376 1644 458 1694 Dahis
481 1647 587 1714 poetico
608 1664 681 1698 more
703 1665 791 1718 popu·-
834 1644 1011 1716 famamque,
1030 1641 1271 1704 nttnittusuium
1288 1641 1352 1691 fae·

296 1720 337 1770 los
348 1721 464 1772 Orientis
480 1723 634 1794 designant,
649 1727 694 1794 qui
706 1728 791 1788 Anto-

295 1801 368 1860 nium
382 1801 582 1869 sequutierant,
593 1803 690 1854 Morini
703 1818 792 1854 autem

297 1889 323 1927 et
339 1875 445 1927 Rhenus
462 1879 624 1950 triumphum
643 1883 720 1951 primi
739 1881 792 1934 diei

295 1955 472 2018 Dalmaticum
481 1961 638 2029 respiciunt,
650 1979 703 2030 quo
714 1963 793 2013 etiam

295 2035 329 2088 tle
348 2037 474 2105 Morinis,
494 2052 614 2092 extremae
634 2059 686 2092 ore
702 2041 793 2094 Galliae

295 2115 406 2187 Belgicae
415 2117 449 2168 ad
458 2121 553 2170 fretum
561 2122 739 2172 Britannicum
748 2140 794 2191 po·

296 2197 362 2267 pulo
373 2195 454 2266 (unde
467 2201 576 2272 extremi
586 2201 722 2254 hominum
734 2203 793 2268 Mo-

296 2278 366 2342 riui,
386 2291 414 2328 ut
433 2279 521 2330 ultimi
536 2281 677 2346 Britanni,
698 2280 792 2332 ultima

296 2349 513 2427 Hesperio,'aputl
522 2361 686 2430 Horatium),
695 2372 720 2410 et
728 2379 794 2413 non·

296 2433 375 2485 nullis
389 2436 481 2487 Galliie
492 2438 691 2509 Germaniaque
703 2459 793 2510 popu-

295 2512 327 2562 lis
338 2513 490 2564 rebellionis
500 2518 593 2580 soeiis,
603 2518 722 2586 inprimis
733 2520 794 2571 Sue·

294 2608 333 2644 rts
350 2589 470 2642 Rhenum
487 2596 671 2664 transgressis,
687 2609 712 2646 et
730 2615 744 2647 a
761 2596 790 2648 C.

251 2703 256 2714 .
295 2669 417 2727 Cariuate
436 2672 579 2742 repressis„
602 2672 791 2744 triumphatum

295 2750 346 2814 t'ttit
352 2771 361 2812 3
374 2757 400 2799 v.'
409 2749 461 2798 Dio
474 2751 520 2816 Ll,
534 2769 575 2802 at.
588 2750 695 2803 Rhenus
709 2753 792 2805 bicor·

294 2828 350 2893 nis,
368 2827 474 2898 Vahalis
495 2843 521 2881 et
539 2829 664 2898 Rhenus,
686 2846 715 2883 ut
736 2845 792 2886 turn

296 2908 403 2978 quidem
429 2929 521 2962 cursus
545 2925 621 2976 erat,
649 2926 791 2988 amequam

294 2988 395 3040 Drusus
415 2992 520 3040 tertium
538 2993 648 3061 ostium,
664 2993 798 3061 Fleuum„

294 3069 367 3118 fossa
384 3065 464 3118 ducta
481 3068 604 3120 efiiceret.
623 3070 791 3152 ΙΙαΙιιιῇιΙΙο-Ι
805 3063 822 3129 ’,

295 3145 386 3198 mades
406 3146 440 3198 ad
460 3149 587 3201 orientale
603 3133 790 3232 Casffi'inaris

295 3225 356 3276 litus
375 3244 465 3277 versus
482 3227 568 3278 Oxum
586 3215 731 3279 incoletites
749 3229 791 3280 ul-

295 3318 336 3356 tra
353 3307 496 3375 Hyrcanos.
515 3319 621 3375 pontem
642 3307 791 3379 indignatus

294 3387 407 3446 Araxen
429 3385 495 3437 nihil
515 3386 643 3458 amplius,
665 3406 744 3457 quam
762 3407 792 3446 ut

295 3464 392 3516 flumen
417 3463 540 3535 rapidum
562 3465 682 3535 adeoque
703 3467 792 3536 pontis

295 3546 435 3616 impatiens
448 3545 563 3610 diceret,
581 3563 666 3615 eoque
683 3547 741 3615 ipso
754 3547 792 3596 fe·

295 3625 739 3676 ritatemaccolarumArmenorum
748 3625 793 3677 de-

205 3763 206 3770 ,
295 3702 416 3755 clareret.
432 3703 586 3756 Sumserunt
600 3705 661 3755 binc
678 3705 788 3768 Statius,

294 3781 473 3847 Claudianus,
486 3781 622 3848 Sidonius,
641 3801 707 3853 quos
718 3783 790 3854 apud

294 3857 406 3910 Certlam
419 3860 509 3912 videro
521 3861 591 3913 licet.

330 3953 388 4005 729.
405 3937 495 3988 Malim
512 3938 641 4010 clipeum,
657 3941 725 3992 tloua
741 3961 790 4012 pa-

295 4014 391 4080 rentis,
409 4018 499 4068 matris
518 4019 643 4088 Veneris,
661 4021 788 4092 jungere,

841 1735 927 1774 torum
951 1724 1111 1792 sculpturam
1134 1724 1162 1772 in
1181 1721 1280 1791 clipeo.
1303 1717 1351 1768 Ad

840 1799 912 1852 hunc
921 1801 1040 1853 ultimum
1051 1819 1156 1854 versum
1166 1797 1349 1851 ostenderunt

841 1885 939 1954 passim
952 1885 1002 1933 viri
1015 1881 1105 1932 tlocti:
1125 1881 1220 1950 quihus
1239 1879 1347 1950 pta-ivit

842 1959 1346 2031 Servius,seuquisquisilleiainquem

842 2039 938 2091 lacinia
961 2043 1060 2111 pannis
1083 2040 1213 2092 Servianis
1243 2049 1345 2088 attexta

843 2133 979 2171 auctorem
996 2121 1106 2172 hahuit:
1124 2120 1204 2170 Hunc
1221 2135 1343 2178 versum,

842 2200 943 2268 inquit,
965 2209 1056 2250 notant
1080 2197 1184 2260 Cretici,
1204 2196 1281 2268 quusi
1297 2213 1341 2246 su·

840 2279 942 2354 perfluo
957 2290 982 2330 et
996 2277 1128 2330 inutiliter
1136 2277 1275 2340 additum,
1291 2293 1341 2325 nec

841 2377 936 2408 cottuen
942 2359 1035 2409 lentem
1046 2357 1172 2430 pravitati
1183 2359 1252 2427 ty'as:
1263 2373 1339 2405 nem·

841 2455 892 2507 que
908 2447 945 2488 est
958 2437 1039 2508 magis
1054 2435 1203 2486 neotericus.
1221 2433 1336 2484 Addiso-

841 2534 900 2581 nus,
910 2518 955 2586 qui
964 2515 1080 2586 pulchre
1093 2515 1269 2586 simplicitatis
1277 2531 1337 2564 seu-

841 2612 898 2646 sum
917 2595 1035 2647 hahebat
1050 2593 1249 2657 mollissimum,
1265 2593 1335 2644 hunt:

839 2692 944 2726 versum
955 2692 1012 2727 esse
1025 2674 1129 2739 aiebat,
1142 2675 1170 2724 in
1183 2692 1236 2744 quo
1248 2673 1335 2742 Virgi-

840 2751 891 2805 lius
899 2754 991 2806 lusisse
998 2753 1139 2806 rideretur.
1146 2755 1209 2805 lure
1219 2765 1333 2804 notatum

840 2850 960 2900 versum,
980 2847 1011 2885 ut
1028 2852 1042 2885 a
1057 2835 1186 2904 gravitate
1206 2832 1330 2894 alienun,

841 2925 866 2964 et
883 2915 938 2965 fere
956 2912 1081 2984 frigidum
1098 2913 1252 2983 pronuntiat
1268 2910 1331 2960 Dor·

839 2990 935 3042 villius.
956 2989 1081 3042 Delentlit
1099 2989 1214 3041 eundem
1232 3007 1331 3040 versum

840 3069 955 3120 Hurtlius
964 3108 971 3130 ,
979 3070 1178 3140 viringeniosus
1192 3081 1217 3119 et
1229 3067 1330 3132 doctus,

840 3150 866 3198 in
883 3150 1054 3200 Commentar.
1069 3153 1157 3198 Horat.
1170 3147 1229 3197 Vol.
1240 3148 1251 3196 Ι
1263 3147 1294 3198 ad
1306 3166 1328 3195 r.

839 3243 892 3294 97,
914 3227 960 3277 ubi
983 3226 1182 3296 ambiguitatem
1203 3227 1329 3276 sententie

840 3307 918 3356 etiam
929 3307 955 3357 iu
966 3307 1097 3357 severiore
1108 3307 1224 3356 carmine
1234 3317 1328 3370 tuetur,

841 3397 867 3436 et
881 3379 954 3436 hunc
971 3384 1058 3436 locum
1072 3387 1179 3454 copiose
1193 3383 1294 3454 quidem
1305 3397 1330 3436 et

841 3467 902 3536 satis
917 3478 1024 3537 argute,
1037 3478 1070 3516 ut.
1078 3465 1161 3528 solet,
1175 3466 1212 3515 ita
1225 3477 1326 3526 tractat,

841 3557 869 3596 ut
882 3543 917 3595 atl
926 3545 1050 3600 ancilium
1064 3543 1218 3614 religionem
1228 3557 1328 3594 etsanc·

841 3623 1326 3678 titatemalluditlicat.Euimveroante

839 3703 921 3773 pedes
935 3715 1007 3767 erat,
1026 3703 1097 3773 quotl
1114 3716 1167 3755 tarn
1179 3703 1256 3774 longe
1267 3703 1327 3772 peti-

839 3795 898 3849 tur,
917 3795 944 3834 et
957 3783 1038 3834 verbo
1056 3801 1097 3834 res
1113 3783 1224 3853 transigi
1238 3795 1324 3851 potest.

839 3860 957 3913 Acumen
969 3862 1058 3926 lusus,
1072 3879 1151 3931 quem
1162 3863 1246 3912 inesse
1258 3860 1324 3912 multi

839 3941 1013 4004 arbitrantur,
1023 3943 1050 3990 in
1063 3941 1158 3990 nostris
1168 3950 1207 3990 est
1214 3937 1323 3992 sensibus

839 4021 1005 4090 animisque,
1020 4037 1073 4072 nou
1091 4021 1118 4071 in
1136 4017 1222 4074 serbis
1239 4019 1322 4072 necin
