3028 4682
460 381 696 450 AENEIDOS
719 382 873 447 LIBER
895 382 959 448 vl.
1169 407 1230 474 207

189 511 263 592 Quo
275 511 398 576 fessam
411 509 538 597 rapitis,
553 505 663 572 Fabii?
673 523 709 570 tu
722 505 885 570 Maximus
898 505 953 570 ille
966 529 1015 586 es,

190 619 285 682 Unus
297 619 354 707 qui
367 615 462 682 nobis
475 613 661 682 cunctando
674 615 818 680 restituis
830 637 911 678 rem.

234 723 406 789 Excudent
417 722 471 786 alii
484 720 641 810 spirantia
653 720 786 784 mollius
798 741 877 798 aem,

191 829 299 894 Credo
314 827 485 918 equidem,
498 829 591 892 vivos
604 825 728 892 ducent
740 825 782 892 de
794 849 959 892 marmore
971 827 1094 906 voltus3

190 934 340 999 Orahnnt
352 957 480 1000 caussas
493 934 625 1012 melius,
640 931 777 1020 caelique
790 949 918 996 meatus
1190 947 1235 994 850

191 1043 386 1109 Describent
398 1041 504 1122 radio,
519 1059 552 1106 et
564 1042 731 1130 surgentia
744 1038 851 1105 sidera
863 1039 974 1106 dicent
986 1063 992 1103 :

191 1151 245 1214 Tu
257 1171 370 1236 regere
384 1148 523 1237 imperio
536 1147 692 1236 populos,
707 1149 870 1226 Romane,
883 1163 1068 1226 memento;

194 1257 254 1322 Hae
267 1254 327 1319 tibi
339 1271 436 1318 erunt
447 1271 549 1335 artes,
562 1255 718 1343 pacisque
732 1253 892 1342 inponere
904 1275 1047 1332 morem,

193 1414 269 1460 matis.
280 1430 304 1476 p.
318 1413 353 1470 14.
361 1411 449 1468 -ste
464 1413 620 1477 Quoqressum
630 1429 648 1458 r.
658 1413 724 1458 llotn.
733 1415 812 1476 capitis
820 1409 913 1458 Vratisl.
924 1427 947 1456 es
957 1411 1021 1458 abest
1032 1428 1044 1457 a
1054 1412 1136 1458 Frane.
1147 1413 1238 1478 -847,

193 1485 280 1546 duplex
290 1484 364 1530 Codd.
381 1483 467 1530 lemilis
479 1500 484 1530 :
497 1487 594 1530 restituis
611 1483 698 1530 Medic.
713 1499 766 1530 curn
778 1483 808 1528 sl.
819 1485 921 1528 restitues
932 1484 996 1529 llom.
1014 1499 1066 1530 cum
1086 1487 1181 1540 telesim
1193 1501 1241 1530 non

194 1555 262 1600 video
274 1571 316 1600 cur
327 1553 372 1600 lroc
384 1555 512 1617 praeferam.
526 1556 620 1601 Poetam
633 1553 715 1609 decet,
725 1554 803 1600 futura
813 1566 839 1599 ut
850 1555 972 1615 prasentia
985 1567 1038 1600 ente
1050 1553 1131 1600 octrlos
1144 1571 1240 1617 ponere.

193 1625 367 1670 restt'tuctleid.
378 1638 401 1670 et
411 1625 448 1672 ed,
459 1625 615 1682 vem-868.
627 1624 722 1672 molibus
730 1627 798 1672 Witt.
806 1625 898 1687 —flip
908 1625 963 1672 cedo
970 1625 1241 1673 emendavitMarllsnd.

193 1694 224 1740 erl
233 1697 289 1740 Stat.
302 1711 326 1757 p.
338 1697 350 1740 5
362 1697 413 1740 sine
424 1693 511 1740 idonea
520 1711 608 1742 caussa.
620 1695 651 1741 cl.
663 1697 789 1742 Burmann.
800 1699 889 1744 etvivos
897 1695 986 1760 aliquot
998 1697 1061 1759 apud
1071 1699 1166 1752 llurm,
1179 1697 1242 1744 haud

194 1763 265 1811 dubie
277 1763 378 1811 mollius.
394 1767 455 1810 vivos
468 1763 551 1811 ait'cent
566 1765 658 1828 Mensg.
669 1782 718 1828 pn,
731 1765 820 1813 librarii
837 1779 939 1830 stupore.
949 1793 980 1802 -
992 1767 1046 1814 850.
1058 1766 1161 1812 Orabam
1179 1766 1241 1812 Gud.

196 1835 296 1900 Solisque
308 1835 324 1881 l.
335 1835 457 1900 Phariique
468 1847 554 1883 meatus
565 1851 609 1884 em:
620 1839 657 1884 Jo.
673 1837 805 1894 Schrader,
817 1839 858 1885 sed
867 1837 919 1886 coelr'
927 1855 955 1883 m.
968 1851 1022 1886 sunt
1031 1837 1134 1886 siderum
1144 1851 1242 1886 mestus.

195 1931 226 1942 ·-·
236 1905 289 1952 851.
302 1905 439 1952 Describam
448 1923 494 1952 sec.
505 1909 590 1953 Moret.
601 1907 675 1953 radios
685 1908 754 1953 Goth.
769 1921 821 1954 tert.
833 1906 918 1954 lumirso
934 1909 1026 1970 Mcnap.
1038 1925 1073 1970 pr.
1090 1909 1173 1954 ducent
1189 1909 1243 1953 Par·

194 1976 255 2022 ritas.
270 1991 323 2022 cum
333 1977 403 2023 Goth.
414 1989 483 2034 tert,
495 1991 610 2041 perpetuo
625 1979 700 2042 lapsu.
710 2005 742 2015 -
750 1979 803 2026 853.
814 1981 870 2026 Hoec
880 1993 927 2028 tres
935 1981 1061 2026 Burmann.
1071 1983 1166 2046 pacique
1176 1979 1244 2025 multi

232 2100 291 2165 846.
303 2101 482 2171 847.sessusss,
493 2121 534 2154 me
544 2102 625 2172 longe
635 2119 695 2154 ora·
744 2105 797 2168 tis,
816 2117 843 2155 et
863 2103 971 2173 quidem
992 2105 1105 2166 forensi,
1126 2104 1247 2155 oratum

197 2180 278 2242 tione,
288 2197 370 2249 quam
385 2180 418 2232 de
428 2181 517 2234 Fabiis
530 2193 569 2231 tot
579 2179 695 2233 dicende
744 2199 844 2234 caussas
868 2180 976 2246 melius,
999 2196 1025 2234 et
1051 2182 1244 2253 philosophicis

197 2271 304 2310 restent.
318 2260 357 2311 De
374 2259 458 2310 Fabio
475 2259 596 2310 Maximo
611 2259 696 2310 Cunc-
746 2261 993 2331 mathematicisque
1004 2262 1111 2323 stodiis;
1124 2274 1152 2313 et
1164 2264 1247 2326 enim,

198 2351 283 2392 tutore
295 2357 387 2390 versus
400 2339 512 2392 debetur
522 2340 616 2391 Ennio.
746 2339 774 2390 id
796 2339 869 2411 quod
890 2353 997 2410 poetam
1019 2340 1145 2408 decebat,
1163 2359 1194 2392 ex
1214 2343 1246 2392 iis

233 2419 390 2486 stt-854.
414 2421 500 2472 Locus
521 2418 594 2471 haud
615 2418 696 2472 dubie
746 2439 828 2472 onam
848 2437 930 2492 genus
950 2423 1038 2491 posuit
1056 2421 1148 2486 Maro,
1162 2435 1248 2473 astro·

198 2519 213 2552 e
235 2499 422 2563 nobilissimis,
444 2519 497 2570 quo
516 2501 698 2552 Romanorum
746 2519 805 2551 rum
818 2502 971 2554 scientiam:
982 2499 1041 2552 coeli
1052 2513 1169 2568 meana,
1182 2502 1209 2554 lr.
1223 2523 1247 2554 e.

198 2583 305 2654 ingenia
328 2595 354 2632 et
377 2581 469 2634 leudes
498 2601 558 2634 cum
580 2582 698 2647 Grecis,
747 2580 864 2632 siderum
877 2599 986 2646 cursus,
1004 2583 1164 2647 describent,
1186 2581 1250 2634 defi-

197 2661 308 2716 nametl
322 2661 550 2735 hospotissimurn
566 2665 698 2734 respicere
747 2663 821 2713 nient
843 2663 870 2712 in
890 2661 993 2732 splrters
1014 2663 1127 2729 celesti,
1153 2663 1249 2728 radio,

199 2742 283 2794 videri
296 2743 390 2809 debet,
402 2755 602 2814 comparentur.
614 2742 699 2795 Greci
747 2743 838 2812 sirpo,
850 2742 964 2812 petitam
978 2760 993 2793 a
1005 2744 1171 2817 geomptricis
1184 2743 1251 2813 ligu-

200 2822 362 2892 praestabent
383 2825 479 2874 artium
501 2823 648 2894 elegantias
668 2839 700 2874 ex
749 2824 802 2886 ris,
820 2839 878 2892 quae
897 2823 925 2872 in
943 2821 1052 2892 pulvere
1073 2820 1249 2873 ducebantur.

200 2904 232 2954 iis
244 2915 325 2976 poeta
342 2905 399 2954 aris
420 2902 566 2970 fundendi,
583 2919 700 2955 marmo-
750 2915 780 2953 ut
791 2902 846 2953 Ecl.
861 2901 912 2966 ΙΙΙ,
928 2900 957 2966 lt
975 2900 1117 2971 Descripsit
1127 2901 1201 2952 radio
1215 2911 1253 2951 to-

200 2983 289 3050 risque
306 2979 444 3051 sculpendi
457 2993 541 3034 artem
555 2993 701 3040 memorem
751 2991 807 3032 tum
820 2980 868 3052 qai
877 2980 999 3052 pentibus
1010 2979 1106 3029 orbem.
1115 2981 1149 3040 At
1159 2981 1255 3030 Roma·

200 3059 342 3110 lelixidem
353 3059 577 3112 estinrerborum
586 3060 702 3114 dilectu:
751 3062 792 3111 nis
805 3061 928 3130 proprias
941 3070 1010 3110 artes
1026 3075 1082 3109 esse
1096 3057 1252 3122 contendit,

201 3153 254 3188 tera
272 3136 401 3206 spirantia
419 3149 527 3196 statum
545 3155 603 3206 quie
628 3140 702 3188 vivos
751 3151 781 3190 nt
793 3141 925 3208 imperent
937 3149 1068 3188 terraram
1081 3135 1157 3200 orbi,
1170 3149 1196 3188 et
1209 3151 1255 3192 aut

202 3216 274 3266 viros
282 3214 393 3268 reddere
402 3215 539 3276 videntum
549 3228 575 3267 et
584 3213 702 3280 mollius,
752 3219 779 3267 in
790 3215 921 3268 foederum
932 3233 1020 3285 seques
1030 3214 1101 3286 leges
1113 3217 1254 3286 recipiant,

204 3316 265 3348 nam
285 3297 423 3368 proprium
444 3298 471 3348 in
493 3299 574 3366 signis
595 3297 657 3348 hoc.
676 3315 701 3348 s.
752 3297 799 3365 qni
812 3313 840 3346 se
853 3295 887 3346 ad
901 3313 993 3346 comm
1009 3295 1153 3346 amicitiam
1167 3294 1255 3365 appli-

203 3376 331 3444 Qtrinctil.
343 3377 408 3441 llll,
425 3393 469 3441 ro,
483 3393 507 3445 7.
520 3374 626 3426 Scilicet
641 3393 704 3446 patr·
753 3387 830 3437 cant,
844 3387 889 3426 eut
905 3391 967 3438 eos,
981 3375 1026 3444 qui
1040 3392 1113 3425 arnse
1130 3387 1256 3444 sumant,

204 3459 254 3508 tim
266 3455 301 3508 ad
312 3457 450 3507 veritatem
462 3467 702 3524 natura‚corpore
753 3452 897 3505 debellent.
926 3455 1042 3504 Tantum
1066 3451 1148 3504 serbe
1174 3453 1258 3523 subji-

205 3549 232 3589 et
243 3555 324 3588 carne
338 3549 464 3605 tanquam
477 3533 512 3588 ati
525 3546 625 3586 tactum
638 3532 704 3584 mol·
754 3534 840 3593 ciunt;
850 3532 923 3602 pacis
933 3549 1030 3582 morem
1042 3531 1186 3602 imponere,
1195 3532 1222 3586 h.
1233 3553 1258 3587 e.

204 3616 266 3669 liter
288 3635 339 3668 sere
358 3616 400 3666 sel
421 3634 554 3667 marmore
582 3612 704 3676 reddita,
754 3611 856 3682 legem,
875 3607 1006 3662 foederum
1025 3610 1098 3680 leges
1118 3623 1144 3662 et
1165 3613 1259 3666 coadi-

205 3698 303 3768 partim
318 3697 481 3746 extremitate
493 3695 585 3746 formae
595 3705 667 3744 ceste
679 3704 706 3744 et
757 3693 844 3742 tiones
853 3711 860 3752 ;
869 3707 977 3762 parcere
988 3689 1123 3760 sabjecti&
1138 3709 1199 3744 naut
1215 3711 1259 3744 vo·

205 3775 323 3828 molliter
335 3770 516 3826 circumducta
533 3784 559 3824 et
577 3771 708 3825 circumli-
757 3772 850 3824 lebant
873 3772 986 3823 Romani
1010 3770 1094 3822 rideri
1116 3771 1258 3826 clementes

206 3869 242 3906 ta.
257 3855 318 3905 Non
331 3853 399 3904 male
414 3864 502 3904 autern
513 3851 626 3902 Ursinus
641 3871 709 3922 pra·
758 3865 784 3905 et
803 3851 935 3904 moderati
955 3871 1018 3924 erge
1032 3854 1132 3920 victos,
1150 3868 1176 3907 et
1194 3874 1259 3928 erga

208 3935 310 3987 clarum
326 3933 432 3986 Pindari
449 3931 482 3984 de
497 3929 607 3982 Rhodiis
619 3929 707 3984 locum
759 3934 845 3984 socios
860 3931 970 4003 benigni
988 3945 1014 3984 et
1033 3931 1172 3995 liberalem
1186 3935 1260 3986 scili·

209 4027 350 4086 eompsrat
371 4010 476 4084 Olymp.
499 4011 563 4075 Vll,
582 4027 707 4080 91-99.
759 4025 810 4075 cst,
824 4013 845 4062 si
854 4011 919 4064 nihil
933 4011 1006 4064 abiis
1017 4025 1173 4078 metuerent,
1185 4025 1211 4065 et
1224 4013 1258 4066 ab

209 4095 293 4148 Greci
311 4111 392 4166 porro
409 4089 571 4164 prestabant
585 4089 711 4162 eloquen-
760 4091 857 4164 opibus
883 4109 975 4144 eorum
1004 4093 1089 4146 aucas
1117 4091 1259 4146 utilitatem
