3028 4682
269 375 332 458 246
533 345 537 354 '
600 373 866 449 excussus
888 375 979 446 xtv

265 499 321 550 sole
340 499 441 570 majus,
459 515 475 552 a
492 498 558 552 lere
570 517 611 553 ras
623 503 784 572 praeteritas,
797 521 814 556 a
832 502 925 557 dextra
944 507 1062 576 futuras,
1083 509 1167 564 oculis
1185 510 1313 584 nrhjicits

264 579 368 652 Angelo
378 581 514 632 lierminio
531 599 562 633 ac
580 583 663 652 patris
675 583 770 635 umbra
789 585 987 657 interpretibus.
1001 589 1134 644 Exornata
1145 605 1207 644 sunt
1218 598 1312 647 omnia

264 679 314 730 per
327 678 448 731 personas
462 659 629 732 sprmboiicau
642 681 754 734 quarum
774 664 891 717 studium
903 683 1035 720 summum
1048 685 1105 723 erat
1120 673 1221 726 wanlia
1233 693 1312 746 supe·

265 741 395 806 rioribus,
408 743 528 813 inprimis
539 744 609 794 inter
623 742 720 808 italos,
733 744 874 797 Platonica
886 745 1064 819 philosophia
1076 767 1166 803 amore
1178 763 1205 805 et
1216 752 1312 804 Dantis

266 821 395 892 exemplo.
409 823 502 893 ltaque
518 823 567 874 sub
577 825 637 874 ritas
646 824 742 875 futura
751 825 898 896 ingressum
908 827 1004 893 Error,
1017 829 1184 900 ignorantia,
1196 833 1311 895 Veritas,

267 899 361 964 Ratio,
374 901 484 972 aliaque
497 901 585 954 multe
602 904 720 956 Virtutes
734 917 761 956 et
772 906 857 970 Vitia,
876 907 950 958 Bona
968 920 994 960 et
1011 909 1096 975 Mala,
1116 911 1254 962 excubant.
1268 910 1312 961 Ad

266 999 309 1033 res
320 985 467 1053 praeteritas
480 983 581 1036 aditum
593 986 696 1037 faciunt
708 997 762 1036 tres
773 999 873 1057 portae,
886 1005 999 1059 quarum
1011 1009 1092 1042 unam
1103 991 1198 1043 Cadmi
1212 991 1258 1042 lilii
1274 1004 1313 1043 te·

265 1073 330 1112 nent
343 1079 402 1112 cum
413 1063 489 1115 Poesi
504 1075 529 1114 et
541 1065 672 1131 Historia,
684 1065 794 1118 aiteram
811 1067 926 1133 Fabula,
940 1071 1043 1121 tertiam
1062 1069 1203 1141 Sculptura
1214 1083 1241 1122 et
1252 1071 1313 1121 Pic-

266 1151 333 1192 tura.
342 1140 384 1194 sd
394 1159 436 1194 rea
444 1143 548 1194 futuras
558 1158 646 1196 autern
653 1158 746 1216 patent
755 1159 839 1217 porta
849 1163 903 1215 sex,
914 1163 981 1218 quaa
992 1149 1147 1200 custodiunt
1156 1149 1310 1221 Prepbetia,

265 1217 418 1285 Somnium,
436 1223 544 1290 Mania,
562 1224 729 1296 Astrologia,
748 1226 939 1280 Nacrornantia
954 1239 981 1280 et
996 1227 1094 1280 Sortes.
1104 1227 1165 1279 Ano
1176 1228 1238 1300 loco
1249 1227 1260 1297 (
1271 1227 1309 1278 ib.

264 1298 366 1370 XXIV)
376 1301 474 1355 Nosses
485 1303 549 1355 dum
558 1305 659 1356 Nursia
668 1319 800 1369 moratur,
813 1323 872 1376 quse
881 1306 1021 1359 inSabinis
1031 1307 1097 1372 fuit,
1108 1323 1179 1358 nme
1189 1307 1310 1358 lineatus

266 1375 403 1446 spoletani
415 1381 479 1434 urbs
491 1397 543 1448 est,
563 1383 689 1456 Sibyllam
702 1385 766 1437 ndit.
780 1385 826 1436 Est
844 1403 908 1438 raro
926 1388 953 1437 in
966 1387 1060 1438 ricinis
1072 1385 1146 1438 urbis
1162 1386 1228 1438 locis
1242 1387 1313 1438 nster

266 1459 365 1512 Montis
379 1463 494 1514 Victoris
505 1466 570 1536 juga
581 1466 666 1517 Lacus
684 1465 788 1538 Sibyllae
804 1465 891 1518 dictus
910 1485 971 1518 curu
989 1483 1080 1538 specu.
1101 1469 1191 1532 Viam,
1206 1483 1265 1538 quse
1276 1465 1312 1517 ud

265 1539 391 1610 Sibyllam
402 1541 491 1610 ducit,
504 1547 608 1597 ornavit
619 1558 699 1617 poeta
711 1545 855 1619 symbolica
867 1548 926 1598 tite
937 1546 1059 1598 humane
1069 1549 1313 1618 representatione,

267 1623 415 1675 secundum
432 1625 601 1696 planetarum
617 1627 731 1680 circulos
750 1639 776 1679 et
795 1630 931 1699 signorum
948 1627 1090 1680 celestium
1107 1629 1154 1680 Xll
1170 1631 1312 1682 rationem.

266 1700 376 1754 Habitat
388 1703 487 1778 Sibylla
504 1707 553 1760 sub
566 1708 730 1779 Capricorno
740 1721 767 1760 et
778 1709 910 1779 donanim
928 1711 955 1760 in
967 1711 1024 1778 ejus
1036 1709 1138 1780 palatio
1149 1711 1240 1780 plures
1251 1723 1314 1761 sunt

268 1781 319 1832 teci
328 1798 375 1833 seu
385 1787 523 1838 coenacula
535 1789 599 1838 satis
611 1790 742 1859 spatiosa3
756 1805 869 1859 qnorum
880 1791 996 1859 parietes
1005 1788 1125 1860 depietae
1137 1787 1261 1841 exhibent
1271 1807 1313 1841 res

266 1862 370 1915 futuras
382 1885 431 1936 per
443 1867 582 1938 periodum
595 1884 790 1942 nongentorum
807 1883 832 1921 et
845 1870 982 1940 sexaginta
994 1887 1125 1923 annorum
1141 1871 1219 1922 sertis
1231 1871 1315 1921 ratio.

266 1941 345 1992 nibus
358 1946 524 2017 astrologicis
539 1962 670 2012 exuctam3
683 1949 888 2002 succedentibus
900 1952 975 2004 noris
988 1949 1078 2022 liguris
1090 1949 1241 2021 prioribus,
1254 1967 1313 2020 qnae

261 2023 317 2090 jam
329 2037 452 2078 eventurn
463 2045 550 2080 rerum
560 2029 717 2082 habuerant.

300 2101 367 2154 Cum
388 2106 515 2161 italorum
533 2112 709 2162 vetustiorum
721 2111 835 2162 inventis
852 2107 990 2182 figmenta,
1008 2127 1067 2180 quse
1079 2110 1106 2160 in
1123 2110 1205 2180 epicis
1224 2110 1313 2180 poetis

266 2183 390 2254 Hispanis
410 2199 436 2238 et
454 2188 585 2242 Lusitanis
598 2203 758 2255 occurrunt,
779 2187 924 2241 admodum
944 2192 1111 2260 conspirare,
1131 2207 1162 2241 ex
1182 2188 1315 2241 Cennme

266 2259 316 2327 (in
327 2265 387 2316 Don
403 2266 535 2342 Quinote)
545 2273 674 2343 suspicari
686 2268 774 2335 licuit,
787 2281 813 2321 et
824 2285 887 2321 vero
900 2269 981 2321 etiam
997 2287 1013 2320 a
1023 2269 1126 2336 Dissio,
1145 2269 1204 2318 viro
1215 2267 1315 2318 doctis-

266 2343 335 2392 simo
342 2343 373 2395 'et
386 2349 562 2418 amicissimo,
574 2354 677 2424 accepi.
694 2355 766 2404 lnter
782 2350 848 2402 alios
860 2350 1019 2402 nobilissimi
1031 2368 1046 2401 e
1057 2349 1251 2400 recentioribus
1263 2348 1315 2398 Lu-

266 2422 359 2474 sitanis
372 2438 469 2494 postte,
484 2431 591 2484 Comitis
600 2435 631 2484 de
642 2432 777 2497 Ericcirn,
789 2433 816 2482 in
829 2429 1024 2502 Henriquet'de,
1037 2447 1090 2500 qua
1099 2429 1181 2502 Regni
1194 2429 1316 2480 Lusitani

266 2517 315 2568 per
326 2501 468 2556 ilenricum
481 2510 596 2578 primum
613 2511 743 2563 Comitem
755 2511 896 2562 Lusitaniae
909 2509 1017 2561 exordia
1029 2523 1213 2580 exponuntur,
1225 2509 1315 2580 episo-

266 2577 340 2629 dium
352 2597 413 2634 raso
424 2599 519 2656 rogatu
531 2589 719 2661 interpretatus
737 2602 789 2656 est,
809 2589 940 2660 quodlib.
953 2591 965 2641 l
979 2601 1006 2641 et
1017 2591 1041 2640 ll
1052 2591 1204 2642 continetur
1217 2611 1223 2640 ι
1241 2589 1315 2640 ilen-

267 2657 338 2707 ricus
350 2659 482 2728 ingressus
496 2680 600 2718 antrum
616 2669 770 2734 fatidicum,
785 2671 861 2737 eujus
881 2667 981 2719 aditum
1001 2665 1129 2720 obsident
1144 2679 1263 2720 mensu-a
1279 2665 1316 2718 nd

266 2735 352 2785 risum
366 2749 392 2787 at
407 2739 526 2795 auditum
538 2745 688 2814 lrorrenda,
706 2749 838 2818 prospicit
850 2746 1012 2798 nestibulum
1025 2747 1130 2818 templi,
1143 2747 1316 2818 scopalatii,

266 2814 341 2881 cujus
351 2829 430 2885 porta
441 2823 521 2874 variis
533 2823 714 2899 hieroglyphis
729 2839 756 2880 et
767 2827 970 2879 emblematibus
982 2825 1120 2896 exsculpta
1131 2837 1185 2893 est,
1199 2843 1313 2896 qnorum

267 2909 451 2963 argumentum
460 2899 564 2953 iaciunt
574 2922 614 2956 res
627 2905 731 2958 futurae.
743 2907 874 2957 interiora
883 2904 947 2956 edis
958 2917 1087 2956 exornant
1095 2906 1211 2976 primum
1220 2913 1316 2955 samum

267 2988 361 3024 exsere
373 2975 457 3028 xxiv
475 2999 583 3053 ugoni,
603 2986 649 3056 qui
665 2985 692 3036 in
704 2985 837 3036 Lusitanis
848 2985 984 3055 regnaturi
998 2996 1075 3048 snt,
1088 2999 1173 3054 usqne
1184 2981 1220 3034 ad
1230 2983 1317 3034 loun·

265 3065 326 3105 nem
338 3059 474 3128 quintum,
486 3061 607 3131 subjecto
619 3065 717 3134 cuique
730 3063 809 3114 titulo
821 3075 848 3115 et
859 3061 990 3127 carmine,
1009 3073 1066 3112 tum
1083 3061 1196 3113 aliarum
1210 3071 1315 3113 statua-

264 3149 324 3185 ΝΜ
336 3155 447 3210 magnus
460 3159 599 3207 numerus,
615 3143 712 3195 tabula
729 3145 809 3216 picta
823 3142 929 3212 aliaque
939 3141 1037 3205 multa,
1050 3139 1147 3211 quibus
1160 3157 1252 3211 regum
1264 3139 1320 3190 Lu·

265 3217 413 3270 sitanorurn
434 3222 526 3276 futura
545 3223 668 3288 soboles,
680 3226 731 3276 viri
748 3224 879 3287 illustres,
898 3234 926 3274 et
944 3222 1019 3273 faeta
1029 3219 1158 3292 praeclara
1170 3237 1317 3290 repressu-

266 3307 363 3349 tantur.
377 3299 431 3352 Sub
443 3321 577 3374 egressum
591 3323 622 3356 ex
634 3305 765 3375 spelunca
782 3305 810 3356 in
828 3301 953 3375 Sibyllam
970 3301 1064 3354 incidit
1082 3301 1226 3364 Esuriens,
1239 3315 1316 3370 quo,

264 3375 312 3426 ubi
323 3393 416 3448 preces
428 3399 488 3433 anns
506 3385 594 3436 facere
608 3387 703 3454 jussit,
719 3383 818 3456 tripodi
830 3401 913 3434 uus-eo
930 3381 1062 3445 insidens,
1077 3379 1162 3430 tribus
1173 3377 1316 3430 volumini·

262 3454 327 3523 but,
348 3475 405 3529 que
424 3462 526 3516 scilicet
539 3483 571 3516 sx
588 3483 685 3518 novem
695 3464 844 3536 Tarquinio
855 3463 920 3514 olim
930 3461 1029 3514 oblatis
1045 3471 1219 3531 supererant,
1231 3457 1316 3528 expli·

264 3536 337 3602 citis,
351 3539 460 3611 lyraque
478 3544 635 3616 triangulari
654 3557 741 3610 tacta,
760 3561 823 3596 suos
844 3559 921 3595 casus
939 3551 1044 3604 narrat,
1064 3551 1121 3590 tum
1144 3555 1186 3590 rea
1205 3538 1317 3608 exponit

263 3614 389 3689 deinceps
402 3639 416 3671 a
429 3623 562 3676 Lusitanis
574 3624 723 3696 (serendas,
735 3623 838 3676 indiam
855 3621 976 3692 inprimis
988 3633 1128 3690 utramque
1142 3619 1315 3690 navigatione

263 3697 484 3763 patefaciendam.
509 3704 563 3756 Sub
586 3704 737 3758 discessum
763 3705 815 3754 tria
838 3701 938 3752 menta
958 3719 974 3752 a
995 3701 1143 3769 Tarquinio
1171 3697 1235 3748 olim
1262 3711 1314 3765 pro

263 3773 339 3826 libris
363 3796 473 3854 accepta
491 3785 606 3837 ilenrico
628 3785 656 3836 in
676 3800 770 3836 manus
791 3781 889 3848 tradit,
910 3793 940 3832 ut
959 3780 1022 3833 iude
1040 3781 1068 3831 B.
1087 3780 1191 3850 virgini
1210 3792 1314 3828 sacram

260 3853 345 3906 andem
354 3871 478 3913 exstruat.
1296 3930 1318 3943 ..

297 3931 354 3985 Nec
369 3937 577 4009 minusmirum,
595 3956 652 3996 eta
673 3945 753 3996 solita
772 3959 861 3995 rerum
877 3937 1113 3994 naturas-eredens
1132 3948 1173 3990 est
1193 3937 1317 3987 Commu

263 4012 408 4067 mentun.
421 4018 489 4070 Nam
500 4021 587 4074 Vasco
598 4023 632 4076 da
644 4023 729 4076 Gama
742 4021 754 4092 (
767 4025 840 4074 Cant.
851 4021 879 4073 X
885 4021 896 4092 )
908 4040 922 4073 a
933 4017 1047 4072 Thetide
1060 4020 1087 4069 in
1100 4017 1182 4069 altum
1192 4027 1310 4066 montem

264 4103 378 4164 arsetas,
388 4099 478 4150 omnia
485 4109 615 4154 terrarum
622 4121 669 4173 reg
676 4121 720 4170 nn,
729 4103 850 4174 inprimis
863 4100 958 4168 indias,
968 4103 996 4153 in
1008 4099 1089 4172 globo
1099 4096 1235 4167 descripta
1244 4107 1320 4164 prot·
