3028 4682
532 430 593 492 AD
618 427 820 492 LIBRUM
841 427 906 490 Vi.
1172 448 1235 517 2¹9

196 555 290 617 vellet,
302 567 332 606 ut
352 552 484 606 Avernum
498 549 613 604 Lucrino
629 552 700 604 iacui
714 555 850 624 jungeret,
864 551 956 602 silvam
968 549 1088 606 excidere
1097 554 1182 623 jussit.
1202 555 1237 605 cf,

196 635 283 686 Strab.
296 635 329 684 V.
342 653 369 704 p.
383 629 433 699 ²4⁵
445 631 475 682 A.
486 631 554 682 Tum
568 649 638 684 anno
651 651 665 682 a
676 631 706 683 C.
717 632 750 682 N.
763 629 949 682 Mnxxxvttl
960 644 1034 682 motu
1046 643 1136 696 terrae,
1149 631 1238 682 medio

196 716 254 766 fere
270 716 339 766 inter
350 713 491 764 Lucrinum
503 723 529 762 ct
541 713 673 764 Avernum
685 713 788 784 spatio,
810 711 894 764 extitit
906 727 987 762 nouus
1002 725 1075 763 mons
1086 711 1219 762 cineritios
1229 748 1239 776 ,

198 793 233 844 de
246 810 299 864 quo
309 811 333 845 v.
347 791 459 862 Capacc.
472 789 580 842 Antielr.
591 791 619 842 di
628 790 759 844 Potauoio
770 810 794 843 c.
806 807 848 844 20.
861 789 949 856 Olim,
960 803 991 841 ut
1003 809 1033 842 ex
1041 791 1170 844 Strabone
1181 809 1241 862 cog·

198 873 319 926 noscitur
327 869 373 922 lib.
385 871 421 935 V,
433 889 460 940 p.
475 869 526 936 aii
537 869 575 934 A,
588 887 636 923 ora
646 873 781 922 maritima
791 871 829 922 ita
839 869 880 922 his
893 867 1003 922 lacubus
1015 882 1072 922 erat
1084 873 1240 941 intercepta,

198 961 229 999 ut
239 949 368 1000 Misenum
379 949 407 1000 in
417 949 563 1020 peninsula
576 951 688 1001 formem
709 962 777 1002 esset
788 947 935 1001 redactum.
950 947 1039 1001 Plures
1055 962 1110 1000 tum
1123 963 1240 998 cavernae

200 1041 262 1080 sunt
274 1029 400 1102 opplere,
412 1029 468 1080 nliae
480 1028 590 1082 ulterius
600 1030 702 1094 ducta,
718 1031 787 1083 inter
800 1047 865 1101 quas
877 1028 1042 1082 nobilissima
1054 1049 1069 1082 a
1080 1029 1202 1080 Cocceio.
1216 1043 1241 1084 v,

199 1107 308 1159 ibidem.
328 1109 363 1160 ci.
383 1108 526 1161 iiamiiton.
550 1111 643 1180 Compi
663 1109 795 1182 Plrlcprori
811 1111 842 1162 Τ.
861 1109 934 1182 llpi.
949 1111 996 1176 28,
1010 1127 1059 1180 29,
1079 1105 1203 1178 idemque
1216 1107 1242 1156 in

200 1185 302 1240 Philas.
318 1189 449 1242 Transact.
463 1189 522 1241 Vol.
534 1189 603 1252 LXI,
619 1206 647 1257 r,
658 1209 685 1261 p.
697 1189 730 1242 15
743 1207 801 1262 sqq.

650 1361 791 1376 m

478 1474 838 1566 EXCURSUS
873 1477 966 1564 ΙΙΙ.

353 1662 484 1730 Eodem
498 1665 710 1757 topographia
720 1666 770 1734 od
781 1683 921 1733 mentem
933 1669 1091 1734 dictonis.

236 1821 380 1874 Videamus
394 1839 465 1876 nunc
476 1823 596 1877 lucenam
610 1828 704 1894 situm,
718 1827 804 1898 qualis
817 1847 832 1879 a
850 1841 931 1898 poeta
942 1825 1064 1898 proditus
1077 1839 1101 1880 et
1115 1827 1246 1880 exhibitus

202 1915 258 1968 est,
272 1905 365 1974 inquo
378 1904 411 1956 ab
424 1907 542 1977 interpp.
551 1909 652 1978 passim
665 1908 753 1958 multae
766 1925 919 1980 magnaeque
933 1907 1015 1958 turba
1030 1906 1103 1958 liunt.

195 2001 197 2006 ·
237 1983 311 2034 inira
331 1983 445 2050 Cumas,
466 1988 515 2038 sub
534 1989 749 2058 promontorium
768 1987 898 2040 Misenum
920 1987 1058 2058 appellunt
1072 1989 1189 2056 Trojani.
1207 1987 1246 2037 Eo

191 2063 276 2112 'enim
288 2061 388 2114 ducunt
403 2067 504 2128 omnia,
517 2078 546 2116 ut
558 2081 611 2116 non
625 2067 651 2116 iu
664 2068 780 2130 Baiano,
794 2067 867 2137 quod
885 2068 965 2138 vulgo
978 2065 1108 2132 creditur,
1121 2065 1247 2136 quodque

205 2139 271 2190 alias
283 2153 418 2192 narratum
431 2157 461 2194 ex
474 2143 582 2195 Aurelio
593 2143 694 2194 Victor.
707 2145 740 2194 0.
753 2145 785 2195 G.
797 2145 828 2196 ii.
844 2164 866 2196 c.
880 2163 897 2214 9
912 2144 1082 2215 intelligitur,
1096 2144 1142 2195 sed
1156 2145 1183 2194 iu
1198 2146 1248 2194 Cu·

204 2237 284 2268 muno
298 2218 373 2271 litore
384 2223 559 2291 Troianorum
572 2223 663 2274 classis
677 2225 816 2274 stationem
829 2223 961 2276 habuerit.
980 2223 1035 2274 Nec
1049 2225 1125 2275 aliter
1136 2223 1247 2275 Ovidius

195 2297 269 2348 'Met
283 2299 358 2364 XiV,
381 2317 428 2372 ¹⁰7
447 2319 487 2373 eq.
510 2301 606 2366 tradit,
626 2303 672 2354 uhi
692 2302 795 2374 Virgilii
808 2303 923 2375 vestigiis
936 2305 1040 2356 insistit.
1053 2301 1175 2354 Procedit
1187 2301 1249 2353 inde

205 2379 301 2430 AEueas
314 2380 349 2431 acl
360 2381 493 2452 Apollinis
505 2382 631 2456 templum
645 2397 671 2434 et
682 2381 790 2454 Sttyttoe
802 2393 911 2434 antrum.

244 2455 383 2529 Templum
396 2463 422 2512 in
433 2473 522 2515 monte
535 2479 591 2514 esse
602 2461 693 2514 debuit
703 2461 713 2531 (
723 2479 747 2514 v.
761 2481 778 2532 9
790 2475 878 2527 auem,
889 2462 983 2534 quibus
995 2477 1071 2512 eurus
1081 2460 1176 2534 Apollo
1183 2477 1250 2532 pro·

206 2534 304 2606 sidet);
317 2548 366 2590 nec
379 2537 456 2611 longe
470 2561 486 2593 a
497 2543 603 2602 Cumis;
614 2542 704 2612 itaque
714 2541 783 2594 falsa
794 2541 958 2614 estruigaris
967 2544 1074 2614 opinio,
1086 2541 1149 2593 dum
1160 2541 1249 2591 ruinas

207 2617 299 2686 templi
316 2617 445 2690 Apollinis
459 2621 493 2672 ad
505 2622 592 2674 lacum
605 2621 739 2674 Avernum
747 2621 887 2674 'ostentant
905 2621 1055 2692 hospitibus
1074 2622 1126 2674 ioci
1144 2619 1248 2672 accolae.

206 2689 273 2758 Sed,
286 2697 308 2745 si
321 2698 347 2747 in
359 2712 449 2752 monte
467 2699 588 2754 Cumano
609 2701 659 2752 iuit
681 2700 824 2773 templum,
846 2703 941 2754 iterum
961 2702 1077 2754 dubitari
1098 2714 1202 2772 potest,
1216 2719 1249 2751 an

207 2771 350 2826 Cumarum
372 2778 433 2830 colli
445 2781 599 2852 impositum
611 2781 707 2846 luerit,
720 2794 746 2832 et
758 2781 784 2832 in
805 2783 864 2853 ipsa
875 2783 958 2845 urbe,
972 2781 1045 2851 qaod
1057 2780 1161 2833 Servius
1173 2793 1252 2851 puta-

205 2853 252 2902 vit.
265 2851 319 2904 Silii
332 2857 439 2926 quidem
452 2863 596 2914 auctoritas
608 2877 702 2933 parum
712 2881 753 2914 me
767 2877 871 2928 movet,
883 2861 930 2914 lib.
941 2858 1005 2927 iili,
1017 2861 1063 2926 86,
1076 2862 1123 2913 ubi
1134 2859 1250 2911 Annibal

206 2927 304 2984 Cumas
316 2953 491 3009 oppugnans,
513 2941 634 3012 adeoque
654 2942 718 2992 urbe
739 2941 858 2993 nondum
874 2955 1012 3014 receptus,
1027 2941 1089 2992 dum
1108 2939 1252 3012 perlustrat

210 3008 314 3079 aditus,
329 3015 467 3088 fulgentia
486 3022 570 3072 cernit
588 3021 661 3072 Arcis
681 3019 778 3091 templo
792 3023 876 3093 jupm·
897 3037 958 3074 nam
972 3020 1036 3074 nihil
1058 3019 1185 3090 impedit,
1198 3035 1252 3088 quo

209 3089 295 3140 minus
308 3096 436 3164 templum
455 3099 483 3148 iu
502 3117 604 3149 summo
624 3103 691 3150 arcis
711 3101 810 3152 vertice
822 3103 940 3172 positum
963 3101 1042 3152 etiam
1061 3111 1134 3150 extra
1155 3096 1254 3148 muenia

210 3171 328 3240 conspici
340 3177 465 3242 potuerit.
477 3177 510 3226 At
519 3179 668 3248 praviorem
678 3177 871 3231 dubitationem
883 3179 962 3245 iacit,
973 3179 1045 3250 quod
1055 3181 1081 3230 in
1088 3179 1154 3230 urbe
1165 3175 1254 3227 media

210 3245 285 3300 lucus
305 3264 330 3301 et
349 3267 450 3306 secreta
467 3257 559 3328 religio
571 3257 691 3330 Sibylla,
713 3275 771 3330 qure
787 3261 912 3331 contigua
928 3273 985 3312 erat
1004 3260 1120 3332 templo,
1136 3259 1178 3308 vix
1196 3273 1253 3308 esse

209 3331 313 3396 potnit,
326 3345 351 3383 et
365 3334 452 3403 quod,
466 3338 487 3387 si
500 3336 527 3387 id
540 3353 641 3408 ponas,
654 3350 802 3389 ceterorum
812 3340 946 3406 iocorum,
960 3343 1133 3412 inprimisque
1146 3337 1255 3410 spelun-

210 3427 318 3476 carum,
332 3415 397 3466 situs
412 3434 465 3467 non
485 3419 548 3468 satis
568 3419 700 3469 contenit.
720 3419 812 3488 itaque
831 3419 940 3483 Pacius,
959 3419 1006 3471 Vir
1025 3419 1209 3484 doctissimus,
1226 3418 1254 3467 in

211 3489 314 3544 Puteol.
338 3497 446 3570 Antiqq.
466 3498 513 3550 tot.
529 3497 616 3549 xxix
628 3497 720 3570 templi
735 3498 823 3551 locum
835 3501 862 3550 in
875 3502 1004 3550 montium
1018 3501 1083 3572 jugo
1103 3497 1137 3550 ad
1156 3499 1253 3551 Cumas

211 3572 381 3639 querendum
393 3577 550 3642 arbitratus,
568 3580 624 3647 ejus
637 3581 726 3629 ruinas
739 3595 828 3630 arcum
838 3576 965 3647 felicem,
980 3595 1059 3648 quem
1072 3588 1184 3641 vocant,
1197 3593 1254 3626 esse

212 3653 356 3706 contendit.
370 3657 409 3708 ita
422 3655 495 3712 laicus
508 3656 621 3724 Trioioe,
634 3677 683 3731 per
693 3677 771 3729 quem
789 3658 948 3710 vinaticum
966 3672 1038 3724 erat,
1051 3660 1077 3709 in
1090 3657 1178 3722 silvis,
1190 3675 1256 3727 qua-

212 3747 270 3780 rum
288 3731 413 3804 reliquias
431 3736 475 3789 ille
487 3737 561 3790 locus
576 3737 673 3802 habet,
693 3751 719 3790 et
737 3737 869 3809 speluncas
882 3739 908 3788 in
927 3739 1080 3810 propinquo
1090 3749 1159 3788 sirnt.
1172 3735 1211 3786 Ex
1222 3737 1254 3786 iis

210 3822 299 3862 tamen
309 3813 390 3880 iocis,
402 3816 535 3887 inquibus
548 3817 581 3870 de
592 3816 722 3890 Apollinis
734 3819 846 3870 Cumani
859 3818 958 3890 templo
975 3819 1075 3890 egitur,
1095 3818 1121 3868 in
1135 3836 1195 3867 arce
1206 3833 1254 3866 seu

212 3895 333 3965 acropoli
341 3895 484 3948 (bimatum
495 3897 561 3949 illud
574 3899 655 3950 luisse
665 3900 834 3950 manifestum
844 3897 881 3948 iit.
890 3897 994 3949 Scilicet
1004 3895 1175 3969 cogitandum
1186 3905 1254 3958 crat,

212 3981 300 4032 AEneae
316 3990 392 4032 aetate
412 3978 505 4031 urbem
523 3977 666 4032 Cumarum
687 3979 806 4032 nondum
824 3980 922 4044 luisse,
935 3997 984 4030 nec
997 3979 1112 4030 extitisse
1129 3988 1184 4026 tum
1203 3975 1255 4026 nisi

213 4061 341 4132 tempium
354 4063 381 4113 in
392 4073 496 4122 monte,
509 4061 579 4112 uiam
589 4059 656 4112 adeo
667 4080 717 4133 per
732 4061 793 4112 loca
805 4079 900 4132 parum
913 4059 1046 4123 habitatu,
1066 4070 1092 4109 et
1104 4075 1152 4128 per
1164 4056 1254 4108 lucum

213 4141 248 4192 ad
260 4141 326 4194 iliud
339 4142 457 4210 duxisse,
467 4155 494 4196 et
504 4142 530 4195 in
541 4141 623 4196 lutcre
633 4143 729 4196 montis
742 4141 865 4195 horridos
876 4159 970 4212 specus
981 4140 1137 4193 occurrisse.
