2956 4680
403 425 634 492 AENElDOS
656 425 809 490 LIBER
830 427 939 494 Vlll.
1127 431 1188 520 399

161 547 271 638 thue
282 549 364 614 acris
376 550 540 615 concussit
552 571 669 637 equos,
682 563 785 637 utque
798 547 916 635 inpulit
927 571 1034 613 arma:

159 653 331 741 Extemplo
342 654 462 719 turbati
473 655 588 735 animi,
602 654 698 718 simul
711 676 809 716 omne
821 654 964 718 tumultu

160 757 316 848 Conjurat
327 759 456 848 trepido
469 762 612 840 latium,
626 761 782 847 saevitque
791 759 947 849 juventus

158 863 279 928 Effera.
294 867 453 930 Ductores
466 865 562 954 primi
575 867 744 951 Messapus
757 882 789 929 et
802 866 919 944 Ufens,

159 969 416 1059 Contenstorque
428 969 528 1034 deum
538 970 735 1048 Mezentius,
750 968 898 1058 undique
910 986 1031 1057 cogunt

158 1073 299 1153 Auxilia,
313 1092 345 1138 et
356 1075 438 1140 lutos
450 1091 577 1139 vastant
588 1073 768 1139 cultoribus
780 1095 884 1162 agros.

160 1177 302 1241 Mittitur
314 1196 346 1242 et
358 1181 466 1266 magni
478 1179 625 1243 Venulus
638 1177 807 1242 Diomedis
820 1177 861 1242 ad
874 1177 1004 1257 urbem,

159 1281 223 1362 Qui
234 1299 325 1370 petat
335 1284 506 1362 auxilium,
520 1299 566 1361 et,
580 1283 673 1346 Latio
686 1283 864 1346 consistere
876 1283 1037 1362 Teucros,
1168 1313 1195 1346 ιο

160 1386 342 1454 Advectum
354 1394 476 1454 AEnean
489 1391 596 1466 classi,
609 1390 780 1477 victosque
793 1389 921 1454 Penatis

162 1493 301 1574 Inferre‚
315 1511 348 1558 et
359 1495 432 1558 fatis
445 1517 556 1582 regem
568 1515 603 1559 se
615 1492 725 1558 dicere
737 1494 842 1580 posci,

161 1595 319 1679 Edoceat,
333 1599 516 1688 multasque
528 1600 599 1664 viro
612 1621 647 1663 se
660 1597 840 1688 adjungere
854 1599 959 1686 gentis

159 1702 339 1784 Dardanio,
354 1721 386 1770 et
396 1705 460 1768 late
473 1706 566 1768 Latio
578 1702 820 1769 increbrescere
832 1725 954 1770 nomen
966 1727 973 1766 ε

125 1919 127 1924 -
191 1887 214 1935 3.
233 1889 309 1952 Atque
323 1904 346 1936 o.
361 1891 431 1937 Goth.
449 1903 501 1938 tert.
517 1899 626 1940 comunt
642 1907 678 1955 pr.
693 1917 724 1927 -
739 1891 762 1936 6.
784 1890 892 1953 Mesupus
908 1901 931 1936 et
946 1890 1069 1954 Mesoppus
1086 1893 1110 1936 in
1127 1892 1196 1939 codd.

160 1983 192 1994 -
204 1975 225 2020 7.
238 1959 364 2006 contemtor
375 1975 481 2024 supensus
492 1963 559 2009 Witt.
575 1964 711 2008 Messeuts'us
727 1961 806 2014 llum,
821 1971 847 2004 ut
860 1957 889 2004 sl.
902 1983 933 1996 ·-
948 1973 982 2004 to.
996 1961 1108 2005 coruum
1122 1961 1182 2007 Gud.
1189 2001 1197 2027 ‚

162 2027 261 2072 utsl'sbi.
274 2025 377 2073 lllustrat
386 2030 500 2076 Heinsius.
516 2056 547 2067 -
564 2046 598 2076 ιι.
613 2033 741 2076 advenum
754 2027 843 2073 Zulicb.
853 2029 917 2074 Vrst.
927 2028 970 2072 Ed.
984 2030 1048 2074 Juut.
1061 2045 1113 2074 cum
1127 2031 1196 2077 Gotb.

162 2109 215 2144 tert.
228 2097 323 2143 AEueum
334 2099 388 2144 edd.
399 2099 595 2162 plerique.closse
605 2100 642 2146 ed.
654 2102 713 2146 Ven.
723 2107 840 2161 verusque
851 2098 916 2143 Leid.
929 2113 984 2143 sm.
996 2113 1041 2144 sec.
1053 2124 1083 2134 -
1099 2114 1133 2144 rs.
1145 2101 1198 2146 Au-

156 2167 222 2230 ferre
230 2167 299 2213 Gotb.
310 2179 363 2214 tert.
373 2185 396 2215 se
405 2170 486 2216 ducere
495 2169 560 2217 alter.
569 2171 629 2216 Tum
638 2173 663 2216 iu
675 2172 744 2215 tertio
753 2167 898 2214 hemistichia
908 2183 929 2214 s.
946 2182 972 2212 ra
982 2181 1005 2214 et
1020 2168 1046 2224 ¹4
1055 2184 1199 2230 permutata:

162 2246 184 2284 et
194 2237 243 2300 soti
258 2255 277 2282 r.
289 2239 361 2286 duem
373 2255 450 2302 posse,
468 2253 491 2287 et
501 2257 507 2286 ι
519 2241 634 2286 &Mento
645 2250 667 2286 et
679 2239 722 2286 lote
732 2240 757 2284 L.
767 2241 781 2282 ι’.
789 2253 850 2282 ιι.-
861 2238 895 2284 13.
905 2253 929 2286 se
936 2241 1071 2302 juupsrepr.
1080 2241 1199 2286 flamb-

165 2307 199 2364 sd.
212 2307 353 2355 Dardanium
361 2319 508 2358 et-uomeu
520 2313 554 2358 sir
564 2311 645 2356 doctus
656 2313 682 2356 iu
693 2311 758 2356 Misc.
772 2308 838 2354 Obss.
851 2309 890 2364 lv,
901 2309 966 2355 Tom.
985 2310 1019 2364 ll,
1038 2326 1061 2371 p.
1076 2309 1133 2365 380,
1151 2327 1199 2358 uon

162 2393 256 2440 prorsus
265 2377 338 2436 malm
357 2383 399 2428 etsi
411 2383 473 2428 enisu
484 2383 519 2428 vir
529 2381 659 2427 Dordaus'us
670 2393 694 2427 et
707 2377 790 2426 similis
803 2393 862 2441 saepe
874 2390 1013 2433 occurrunt,
1028 2389 1104 2424 tamen
1121 2395 1200 2427 nomen

195 2525 220 2578 3.
231 2527 456 2598 simplicissimum
470 2541 509 2582 est
521 2529 554 2582 de
568 2549 654 2602 apps-
701 2530 738 2582 lia
745 2541 847 2600 petant,
855 2528 1001 2592 mittuntur,
1012 2539 1121 2598 propter
1128 2547 1200 2582 rom-

160 2619 221 2658 ratu
232 2605 328 2659 bellico
340 2608 536 2679 acciperezubi
550 2609 653 2660 Turnus
702 2625 808 2660 munem
833 2609 960 2678 originem
983 2605 1121 2674 Groecam,
1143 2627 1201 2680 qum

162 2703 245 2756 equos
257 2699 284 2738 et
294 2705 368 2738 arma
379 2689 513 2751 excitavit,
526 2687 653 2759 protulit,
702 2689 793 2739 Turno
804 2685 935 2738 tribuitur.
949 2685 1002 2738 vid.
1013 2705 1071 2758 sup.
1081 2689 1142 2740 Esc.
1153 2691 1200 2741 Vll

161 2767 189 2818 in
198 2763 314 2818 medium
323 2765 465 2837 produxit,
477 2767 607 2838 extemplo
619 2779 656 2818 to·
703 2785 743 2838 sq.
752 2767 787 2819 ad
795 2769 851 2818 Vll.
861 2766 995 2818 Diomedis
1006 2781 1093 2819 autem
1102 2771 1128 2820 in
1136 2770 1202 2822 Tro-

160 2857 217 2896 tum
226 2845 329 2898 Latium
341 2845 375 2897 ad
388 2845 488 2898 bellum
500 2849 540 2898 est
554 2845 655 2898 iollam·
701 2847 925 2918 janos,quiTroja
933 2859 1010 2917 capta
1018 2849 1200 2918 profugerant,

161 2935 269 2975 matum.
286 2925 355 2975 Nam
368 2923 448 2975 simul
459 2925 544 2994 simpl.
560 2935 600 2976 est
611 2942 656 2980 co·
705 2929 814 2997 ejusque
833 2928 877 2978 ire
898 2945 925 2978 se
946 2925 1140 2992 subduxerant,
1160 2932 1202 2980 in-

161 3002 233 3073 pulu.
251 3003 395 3066 concussit,
412 3004 555 3055 concitavit
569 3003 656 3056 adhuc
705 3003 852 3056 flammatus
873 3023 929 3056 ease
953 3003 1067 3056 debebat
1088 3008 1199 3059 animus.

163 3081 271 3131 otiosos.
282 3077 372 3148 (Aliud
380 3093 420 3132 est
428 3093 569 3132 concutere
580 3079 658 3132 balre-
706 3083 770 3149 Qum
784 3082 861 3152 hujus
874 3081 1011 3152 legationis
1024 3083 1131 3136 fortune
1143 3087 1202 3140 fue-

163 3177 210 3212 stus
216 3159 354 3230 equorum)
360 3157 574 3230 impulit,morit‚
580 3158 658 3211 adeo-
705 3164 753 3226 rit,
764 3163 833 3212 infra
844 3160 990 3212 videbimus
999 3162 1049 3226 lll,
1064 3164 1113 3217 226
1125 3183 1198 3238 seqq.

164 3237 658 3309 quemsuutrsctavitetprotulit.Nasu
706 3239 796 3311 ibique
808 3241 915 3290 Excurs.
929 3241 948 3289 l.
964 3239 1097 3292 Venulum
1113 3262 1145 3296 ex
1157 3263 1202 3296 an·

164 3312 299 3387 impellere
307 3333 381 3366 ursus
390 3315 423 3367 de
434 3318 603 3386 percussione
613 3315 659 3367 cli·
707 3319 782 3388 tiqua
795 3317 866 3368 fama
885 3316 996 3369 adscivit
1008 3332 1104 3388 poeta,
1119 3339 1202 3392 quan.

164 3413 275 3468 peorum
286 3396 405 3466 accipere
415 3394 511 3446 durum
522 3411 578 3446 esse
589 3393 659 3446 arbi·
707 3409 763 3448 tum
777 3414 808 3448 ex
820 3395 910 3449 Servio
925 3397 1042 3468 colliqes.
1058 3400 1147 3466 llunc,
1159 3405 1201 3455 in-

164 3487 227 3526 tror.
242 3473 345 3526 Senius
357 3485 444 3526 autem
461 3491 509 3545 pro
523 3490 596 3524 more
611 3491 658 3524 suo
708 3477 1202 3550 quit,luisseconstatArqivunt3nam

165 3565 314 3626 argutam,
327 3552 390 3604 dum
398 3552 432 3604 ad
440 3551 536 3604 ancilis
543 3569 660 3604 commo-
707 3556 875 3620 Tiburtem,
893 3569 921 3606 ut
939 3555 1039 3608 indicet
1057 3557 1131 3610 locus
1149 3563 1201 3629 xl,

162 3631 660 3702 verisolitsreiermnecunnuprope·
709 3633 768 3704 757.
787 3636 862 3686 llunc
883 3634 928 3686 alii
950 3635 1041 3687 Larini
1058 3637 1202 3708 imperasse

164 3711 280 3776 ditibus,
293 3709 413 3771 irtirerr,
429 3708 456 3762 b.
474 3709 491 3760 l.
510 3709 563 3760 dici
580 3727 659 3780 posse
708 3713 771 3764 olim
781 3711 896 3764 tradunt.
910 3713 968 3766 urbs
980 3714 1113 3768 Diomedis
1122 3719 1203 3792 Argy-

164 3791 357 3845 videnturne
377 3789 494 3860 Messapo
517 3791 607 3860 copies
627 3808 658 3842 ex
705 3793 763 3862 ripe
778 3805 825 3843 est.
841 3810 865 3843 ι.
879 3791 925 3844 inl.
939 3793 990 3858 Xl,
1007 3793 1056 3859 246
1070 3796 1202 3850 esibilis·
1267 3787 1271 3794 ’

163 3873 272 3924 Etruriae
281 3870 390 3924 urbibus
398 3867 658 3937 adducentelilel,
706 3889 774 3924 curs.
787 3872 806 3920 l.
820 3873 855 3922 cf.
867 3871 938 3923 Serv.
948 3871 982 3923 sd
994 3870 1019 3922 h.
1033 3872 1050 3923 l.
1064 3885 1090 3924 et
1099 3875 1200 3944 dicere,

165 3949 276 4022 691‚de
289 3949 383 4020 Ufente
392 3948 442 4017 745
453 3960 478 4000 et
488 3947 521 4000 de
529 3947 658 4000 Mezentio
705 3969 730 4002 se
739 3951 810 4022 porci
823 3950 987 4022 reperissetis.
1000 3969 1058 4023 sup.
1074 3955 1135 4022 Vll,
1151 3975 1201 4029 ²7²

165 4033 215 4101 647
226 4047 299 4101 seqq.
305 4033 360 4100 jans
369 4041 560 4082 memoraverat
570 4041 656 4100 poete.
706 4029 786 4081 Hunc
795 4027 871 4081 illum
878 4029 1201 4102 poscerefutulitreoretc.

199 4127 298 4184 qseqq.
309 4109 351 4164 td
359 4107 522 4176 Diomedem,
533 4109 578 4181 qui
588 4110 659 4164 suxi-
707 4107 838 4162 vocabulo
855 4107 888 4162 de
905 4111 966 4164 tatis
982 4113 1091 4182 proprio
1104 4111 1150 4166 lib.
1162 4116 1202 4179 V,
