2992 4680
329 393 378 479 P.
413 388 700 482 VIRGILII
732 391 1038 486 MARONIS

461 649 915 788 AENEIDOS.

370 955 590 1060 arana
626 951 994 1086 Qururus.
1080 1000 1085 1009 =

166 1247 1198 1280 ΜΜΜΜΜΜΜΜΜὊΜΜΜΜΜΜΜΜΜΜ

509 1444 859 1507 ARGUMENTUM.

168 1645 313 1757 AEtteas,
331 1683 437 1744 relicta
454 1682 643 1766 Carthagine
659 1687 694 1744 in
707 1679 829 1745 ltaliam
843 1687 1010 1767 navigans,
1024 1689 1055 1745 vi
1070 1699 1204 1768 tempes-

168 1773 240 1830 tatis
255 1774 288 1831 in
304 1772 440 1832 Siciliam
454 1773 607 1848 defertur;
622 1772 692 1848 ubi,
709 1773 748 1832 ab
764 1777 869 1834 Aceste
888 1773 1023 1856 benigne
1041 1789 1205 1856 exceptus,

167 1859 313 1920 Manibus
334 1860 476 1923 Anchisa
496 1865 613 1944 patris,
634 1881 729 1944 quem
747 1864 900 1944 superiori
922 1883 1004 1922 anno
1024 1861 1132 1921 eodem
1155 1861 1207 1921 die

167 1945 251 2026 apud
274 1949 453 2032 Drepanum
478 1951 673 2032 sepeliverat,
697 1953 944 2010 anniversarium
967 1971 1091 2010 sacrum
1111 1950 1204 2024 facit,

166 2031 321 2119 ludosque
341 2039 427 2120 apud
453 2039 610 2102 tumulum
635 2039 701 2118 ejus
722 2041 876 2115 instituit;
897 2061 1015 2121 suaque
1033 2040 1206 2100 victoribus

167 2125 296 2201 proemia
312 2123 449 2186 decernit
465 2148 525 2186 1-
537 2127 600 2186 103.
616 2125 725 2186 Navali
742 2129 909 2187 certamine
924 2130 1020 2186 vincit
1034 2127 1207 2188 Cloanthus

167 2213 286 2269 -285.
307 2213 460 2292 Euryalus
481 2215 547 2272 Nisi
567 2213 641 2272 dolo
668 2233 760 2272 cursu
781 2227 907 2293 superat
926 2249 965 2260 --
978 2214 1044 2272 362.
1067 2214 1207 2275 Entellus

168 2319 261 2358 senex
278 2299 425 2362 Daretem
437 2299 619 2380 juveniliter
638 2321 668 2360 se
681 2299 847 2380 jactantem
869 2315 955 2360 cestu
973 2303 1072 2360 vincit
1093 2299 1207 2375 -484,

166 2386 341 2468 Sagittandi
360 2391 472 2470 peritia
491 2401 616 2471 superat
634 2388 805 2470 Eurytion3
824 2390 926 2469 prima
945 2402 1049 2447 tamen
1063 2390 1207 2468 premia,

167 2477 268 2536 aetatis
277 2476 616 2559 dignitatisquebabita
628 2480 762 2553 ratione,
770 2481 886 2537 Acestae
893 2477 1113 2550 decernuntur,
1122 2476 1209 2558 cujus

167 2566 277 2644 sagitta
290 2567 325 2623 in
339 2585 440 2624 aerem
453 2569 565 2627 emissa
581 2564 687 2625 subito
704 2579 909 2626 exarserate-
922 2562 989 2640 544.
1004 2565 1153 2624 Ascanius
1174 2567 1207 2624 in

166 2647 320 2712 honorem
333 2654 478 2716 Anchisae
492 2658 558 2731 avi,
570 2675 642 2715 cum
653 2655 763 2735 primae
777 2651 951 2713 nobilitatis
966 2654 1086 2734 pueris,
1101 2671 1209 2734 eques·

167 2751 229 2816 tres
241 2739 333 2801 ludos
345 2763 522 2826 pugnaque
530 2741 732 2803 simulacrum
745 2741 870 2802 exhibet
878 2741 993 2802 -603.
1006 2741 1125 2800 Interea
1134 2742 1209 2801 Tro·

165 2825 248 2906 janae
261 2828 406 2892 mulieres
424 2830 552 2892 hortatu
566 2831 674 2908 Iridis,
694 2831 859 2912 longaeque
873 2825 1084 2908 navigationis
1096 2827 1189 2888 taedio
1197 2875 1207 2902 ,

167 2917 272 2996 ignem
284 2921 317 2979 in
329 2921 461 2982 classem
476 2921 667 3002 conjiciunt,
683 2934 878 3001 quatuorque
894 2938 987 2976 naves
999 2913 1207 2976 comburunt:

168 3019 294 3084 ceterae,
311 3007 417 3070 subita
430 3031 452 3070 a
467 3011 544 3070 Jove
556 3010 697 3068 immissa
711 3005 835 3090 pluvia,
849 3003 996 3066 incendio
1009 3017 1083 3063 sunt
1097 3016 1208 3084 ereptae

167 3123 207 3136 -
217 3096 285 3174 699.
305 3099 401 3158 Nocte
412 3101 550 3179 sequenti
561 3097 725 3174 Anchises,
743 3098 843 3156 AEneae
857 3094 922 3155 filio
935 3094 1096 3154 insomnis
1112 3112 1207 3173 appa-

168 3201 256 3255 rens,
269 3185 356 3244 Jovis
367 3186 470 3246 verbis
486 3188 648 3262 admonet,
663 3200 714 3262 ut,
733 3189 842 3246 Nautae
856 3183 1022 3245 consilium
1041 3195 1206 3261 sequutus,

168 3267 314 3330 mulieres
335 3272 540 3355 imbellesque
562 3295 649 3336 senes
671 3276 702 3332 in
725 3272 830 3333 Sicilia
851 3273 1025 3354 relinquat;
1048 3271 1115 3350 ipse
1134 3288 1207 3327 cum

167 3356 337 3435 juventutis
351 3361 464 3421 robore
473 3365 663 3443 integraeque
676 3363 772 3420 aetatis
787 3362 862 3421 flore
875 3364 908 3420 in
923 3359 1047 3421 ltaliam
1061 3357 1186 3432 naviget
1200 3379 1207 3428 3

168 3445 353 3530 Sibyllaeque
375 3450 521 3531 inprimis
548 3464 674 3508 antrum
700 3446 810 3522 adeat3
842 3448 927 3507 illius
951 3446 1034 3503 enim
1057 3441 1152 3499 ductu
1173 3444 1207 3500 in

169 3554 295 3618 campos
307 3537 428 3620 Elysios
440 3559 503 3600 esse
513 3553 696 3611 venturum,
711 3534 766 3596 ubi
779 3551 809 3594 et
822 3533 1008 3616 posteritatis
1021 3550 1085 3589 suae
1097 3533 1207 3589 seriem

170 3626 373 3706 omniumque
397 3630 583 3690 instantium
607 3626 762 3686 bellorum
791 3622 892 3682 discat
918 3633 1064 3680 eventum
1087 3653 1126 3666 -
1140 3618 1206 3700 740.

169 3712 298 3771 Monitis
319 3715 422 3796 itaque
442 3721 576 3799 paternis
594 3737 714 3778 morem
729 3733 838 3798 gerens
859 3712 983 3784 AEneas,
1000 3707 1152 3791 oppidum
1175 3711 1207 3766 in

168 3798 274 3860 Sicilia
284 3799 392 3859 candit
406 3807 533 3866 nomine
545 3809 702 3866 Acestam:
716 3825 753 3864 eo
764 3815 795 3866 at
806 3812 941 3860 matrum
956 3810 986 3857 et
1000 3817 1111 3856 senum
1123 3793 1207 3854 bello

170 3885 314 3946 inutilem
338 3885 494 3948 coloniam
517 3891 716 3960 transcribit:
743 3893 808 3970 ipse
829 3907 901 3947 cum
920 3887 1071 3944 exercitus
1097 3880 1207 3940 robore

168 3971 295 4033 ltaliam
322 3975 402 4058 petit
425 3982 542 4057 -778.
565 3979 693 4038 lnterim
712 3981 887 4060 Neptunus,
910 3974 1039 4034 Veneris
1063 3966 1206 4050 precibus

172 4075 329 4140 exoratus,
347 4065 507 4143 naviganti
523 4065 625 4128 AEneae
636 4087 722 4126 mare
736 4079 839 4124 tutum
856 4075 983 4146 praestat
996 4093 1033 4106 -·
1043 4055 1109 4130 834.
1124 4055 1205 4118 Pali·

244 4163 268 4216 3.
1016 4171 1026 4206 r
