2968 4696
395 397 629 464 AENEIDOS
651 397 805 463 LIBER
829 399 914 464 Vll.
1111 402 1169 467 331

143 523 296 588 Terribili
308 524 463 611 inperium
474 538 565 602 stete,
578 545 654 588 cum
667 521 821 587 dentibus
832 521 914 588 albis

144 625 283 691 Indutus
295 627 406 714 capiti,
420 627 467 692 sic
478 627 566 715 regia
578 644 663 694 tecta
675 626 805 692 subibat

144 731 320 810 Horridus,
336 732 566 822 Herculeoque
578 733 735 798 humeros
748 733 886 797 innexus
897 733 1027 798 amictu.

186 839 275 902 Tum
286 839 408 926 gemini
419 839 536 903 fratres
550 837 701 903 Tiburtia
712 837 833 904 moenia
844 837 1013 926 linquunt,
1134 851 1180 912 670

144 944 264 1007 Fratris
275 942 404 1008 Tiburti
417 942 538 1008 dictam
550 945 747 1032 cognomine
759 959 905 1032 gentem,

144 1127 204 1162 asta.
215 1141 247 1152 —
255 1117 308 1180 667.
318 1117 439 1182 inpletum
452 1117 542 1184 aliquot
554 1121 667 1176 Pieriani,
680 1131 703 1165 et
712 1118 760 1166 duo
771 1121 849 1166 linrm.
860 1123 968 1184 impetum
976 1115 1074 1166 Doraill.
1083 1114 1182 1178 inplexu

146 1187 212 1232 Hom·
222 1188 314 1235 -666,
331 1199 382 1236 tunc
393 1207 413 1236 r.
431 1199 447 1235 t.
465 1191 553 1238 tenebot
563 1193 639 1254 Sprot.
654 1190 760 1237 subibunt
770 1191 835 1238 liena.
848 1193 968 1246 Ceterum,
980 1188 1099 1253 quomodo
1108 1189 1184 1232 lntcr·

145 1269 224 1320 pretet
231 1257 280 1305 baec
289 1263 434 1324 receperint,
447 1279 475 1308 ex
486 1262 575 1325 vulgari
585 1261 681 1326 quidem
691 1264 880 1326 interpunctione
890 1275 938 1310 nott
947 1275 1070 1324 assequor;
1082 1253 1185 1304 Terribili

145 1331 258 1392 unpuum
268 1339 323 1376 stetu
329 1364 336 1385 ,
348 1347 399 1378 cum
410 1331 513 1379 dentibus
523 1332 580 1378 cibis
590 1333 686 1378 indutus
695 1336 774 1397 copiti,
783 1337 816 1380 sic
826 1336 886 1398 repia
896 1343 953 1380 tecto
962 1331 1051 1379 subibat
1059 1329 1184 1380 Horridus,

145 1401 285 1446 —Omnino
295 1413 348 1463 poet
362 1411 464 1466 tequmen
475 1412 580 1467 torquens
596 1403 680 1449 durum
692 1415 727 1450 est
739 1404 836 1450 Induttts
850 1407 924 1468 copiti.
939 1406 998 1468 Ergo
1010 1402 1068 1448 idem
1084 1409 1185 1464 teqttmen

54 1497 59 1508 =
148 1478 242 1534 torquet,
252 1484 275 1518 et
283 1472 317 1528 id,
329 1472 353 1518 Ιι.
363 1490 385 1520 e.
390 1507 399 1529 ,
412 1490 448 1530 eo,
460 1473 595 1520 arduinam
604 1476 687 1537 cupiti?
697 1475 752 1521 Hos
761 1474 823 1522 idem
833 1474 935 1523 bumnos
944 1479 1039 1521 inirem
1049 1475 1132 1518 amictu
1142 1485 1183 1517 est.

146 1540 241 1588 Mollius
251 1555 321 1600 estet,
334 1547 353 1590 si
365 1549 477 1608 scriptum
486 1545 548 1593 foret
559 1546 661 1592 irtdutum
672 1561 704 1593 sc.
720 1555 821 1612 tequmen
830 1550 909 1612 capiti,
923 1549 967 1594 nisi
978 1547 1069 1592 indutus
1078 1543 1185 1590 substan·

148 1613 195 1660 tire
204 1615 318 1676 potitum,
328 1629 354 1662 ιιι
363 1619 392 1663 sit
401 1617 565 1664 indumentum
579 1620 677 1681 capitis:
687 1631 714 1664 ut
725 1619 767 1665 ini.
780 1618 834 1666 668.
845 1619 891 1682 669
897 1617 1021 1684 fulvosque
1033 1617 1081 1680 lupi
1090 1617 1117 1661 de
1125 1613 1184 1677 pelle

143 1681 231 1746 pulcros
244 1687 338 1750 Tepnaert
349 1685 431 1734 tatem
443 1691 523 1750 cupiti,-
540 1689 572 1734 sic
588 1703 651 1734 nunc
661 1689 753 1734 indutus
761 1691 837 1750 capiti.
850 1690 1015 1751 lntcrpunpam
1024 1685 1104 1732 saltem
1114 1682 1184 1747 plene

145 1765 185 1800 aut
195 1756 220 1801 in
229 1755 276 1803 fine
287 1773 366 1805 versus
377 1759 421 1820 667
433 1776 438 1806 :
450 1758 515 1806 auu.
524 1759 620 1805 lndutus
628 1763 698 1822 copiti
704 1762 748 1816 sic,
761 1762 820 1824 reyin
831 1768 888 1806 tecto
897 1758 985 1806 rubicat
995 1755 1114 1811 Horridus,
1125 1752 1186 1799 Her-

147 1823 254 1890 culeoqffl
264 1825 366 1876 humerus
377 1833 472 1876 intactus
482 1833 579 1884 omr'ctss‚·
590 1842 643 1886 aut,
652 1829 717 1893 quod
727 1830 803 1877 iacere
815 1841 919 1894 pis-catat,
932 1841 984 1892 post
996 1827 1091 1874 lndutus
1103 1826 1186 1887 copiti:

149 1895 185 1940 Sic
195 1899 256 1961 rapio
268 1907 324 1944 tecm
335 1898 431 1946 subibat.
446 1901 510 1948 licet
526 1915 622 1964 qnoque
632 1901 756 1962 turpicari,
767 1901 850 1947 vitium
863 1901 887 1946 in
903 1909 1007 1964 torquem
1018 1897 1103 1952 laterc;
1121 1911 1187 1949 nam,

150 1968 169 2012 si
178 1983 207 2014 eo
215 1967 307 2016 sublato
315 1971 469 2018 subatituattu·
480 1970 601 2033 epitheton
611 1969 698 2027 leonia,
712 1987 733 2016 a.
744 1987 765 2016 c.
779 1973 829 2034 lpse
836 1971 905 2036 pedes
918 1979 1018 2036 iepram
1032 1969 1142 2022 Nemeaei,
1151 1960 1189 2011 vel

151 2036 246 2093 Goetnii,
256 2041 350 2086 ιἰιιιιιαιιι
360 2039 444 2088 kaeu:
454 2044 532 2087 omnia
541 2041 602 2088 benc
612 2056 636 2088 se
645 2041 744 2098 babent,
755 2045 834 2088 utaic:
845 2042 896 2106 lpse
903 2041 972 2106 pedes
981 2051 1117 2107 tequmen-
1125 2037 1190 2082 indu-

152 2109 390 2158 sacraturum
401 2113 443 2176 qui
453 2113 595 2173 conjiceret:
606 2121 707 2176 tipum
717 2110 807 2167 tollens,
818 2125 851 2159 ut.
862 2113 904 2159 ini.
914 2114 979 2168 vus,
992 2107 1042 2168 sir.
1054 2111 1081 2156 bt
1092 2117 1190 2172 torquet,

151 2193 206 2224 aere
217 2189 240 2224 et
251 2181 345 2242 proprie
355 2181 483 2244 intorquet,
492 2197 562 2244 supra
570 2181 681 2228 humeros
689 2181 727 2228 vel
736 2182 839 2239 bracbia,
848 2182 965 2229 leoninam
973 2181 1060 2248 pellem
1067 2177 1192 2230 Hercules;

152 2247 227 2294 multo
242 2251 313 2312 magis
324 2253 421 2314 proprio
432 2251 512 2318 aliquo
523 2252 593 2298 modo
609 2254 634 2298 in
650 2255 807 2298 monumentis
818 2255 899 2315 pritcae
912 2255 966 2300 artis
978 2250 1056 2300 ltalia.
1069 2247 1192 2294 Probabile

152 2317 211 2365 mibi
220 2319 313 2367 videtur
324 2321 402 2370 locum
412 2321 515 2371 riltirnam
525 2337 600 2389 poetae
609 2339 704 2370 manum
713 2336 859 2386 expectatae,
872 2337 906 2382 et,
923 2339 974 2389 quat
986 2325 1048 2370 varic
1059 2321 1089 2367 ab
1101 2335 1129 2366 eo
1139 2332 1192 2365 ten·

154 2401 199 2436 tata
211 2391 315 2450 fueram,
327 2397 416 2458 exejus
426 2397 507 2444 codice
517 2398 670 2444 a'l'uccsesse
680 2398 784 2460 apposita
795 2412 800 2443 ι
813 2397 845 2443 ita
857 2409 891 2454 ut,
903 2409 942 2442 aut
949 2394 1055 2442 servandi
1064 2405 1139 2440 essent
1149 2405 1192 2436 ιιι.

154 2461 207 2507 666.
217 2463 262 2526 667
272 2468 393 2527 expunctis
402 2465 455 2514 668.
465 2467 523 2531 669ς
535 2481 576 2515 ant
586 2467 624 2524 bi,
637 2469 759 2531 expunctis
772 2465 819 2513 illis
829 2468 954 2530 prioribus.
968 2467 1044 2513 Possis
1053 2479 1148 2529 quoquc
1157 2460 1193 2506 lo-

152 2547 205 2578 cum
215 2534 380 2598 interpolatam
393 2537 487 2585 dicere:
500 2541 559 2602 ejice
570 2554 660 2587 versum
669 2541 829 2602 importunum
840 2537 886 2584 666
898 2538 994 2585 indutus
1003 2537 1082 2599 capiti,
1093 2536 1125 2579 ai:
1135 2533 1194 2596 cepio

155 2609 214 2648 tecta
222 2602 324 2660 subibat:
336 2621 389 2670 qut
400 2623 491 2656 asenau
502 2620 526 2656 et
535 2608 589 2656 loco
601 2609 677 2656 aliena
688 2620 754 2664 sunt,
769 2620 793 2655 et
800 2607 933 2670 juncturam
946 2608 1070 2655 verborum
1079 2615 1178 2652 enecant
1189 2619 1194 2646 ι

155 2671 264 2735 preclare
275 2687 325 2722 tuna
334 2677 465 2740 procedunt
476 2679 567 2745 reliqua
579 2681 642 2728 bunc
653 2681 678 2727 in
690 2679 785 2726 modum
796 2695 802 2724 :
814 2679 846 2724 m
856 2683 919 2726 tereti
924 2687 1027 2745 puqnont
1035 2690 1148 2730 mucrone,
1157 2689 1197 2719 vt·

155 2760 226 2809 nique
233 2745 336 2794 &beliot
346 2751 518 2814 lpsdpupnat)
526 2761 627 2818 toqumtm
635 2761 740 2817 torquem
749 2753 837 2798 t'rtmm
846 2749 915 2798 leonis
927 2748 1031 2797 Terribili
1038 2753 1143 2812 inpexum
1149 2753 1196 2792 soto

154 2831 206 2862 cum
221 2817 323 2866 dentibus
333 2819 404 2880 aba,
420 2823 546 2880 Horridus,
562 2823 718 2888 Herculeoque
728 2821 831 2870 humeros
841 2826 936 2870 tumus
946 2826 1037 2869 omktu.
1048 2824 1153 2866 Attamen
1167 2815 1199 2861 ad

154 2903 247 2934 sensum
257 2905 335 2936 meum
345 2893 383 2938 vel
391 2895 424 2940 aic
433 2893 529 2941 ultimus
537 2909 617 2942 veram
626 2894 740 2941 Horridus
749 2921 777 2930 -
786 2895 875 2940 otiosus
884 2905 926 2940 eat.
935 2919 967 2928 -
975 2892 1030 2952 669.
1039 2887 1162 2935 Herculeos
1171 2903 1196 2949 q.

155 2955 224 3004 Goth.
242 2968 293 3005 tert.
308 2963 399 3008 ιἰιιιιζιιιι
408 2963 474 3009 iloni.
485 2976 509 3010 et
516 2963 565 3010 duo
573 2965 652 3010 Burm-
665 2965 757 3010 indutus
769 2965 844 3025 bigot.
854 2987 885 2998 -
895 2963 950 3024 670.
968 2963 994 3005 Τ.
1005 2958 1081 3004 dmum
1091 2954 1196 3002 Parrbas.

157 3039 181 3073 et
190 3026 241 3072 cod.
252 3027 315 3090 apud
324 3031 384 3076 Pier.
394 3055 426 3067 -
434 3031 488 3095 671.
500 3031 602 3091 Tyburru'
608 3035 687 3088 Rom,
699 3032 764 3096 quod
775 3032 850 3078 Cerda
860 3031 961 3094 praefert.
973 3033 1034 3074 Sane
1042 3025 1106 3089 apud
1118 3025 1197 3070 Horat.

156 3090 179 3153 1,
192 3115 214 3160 7,
230 3097 254 3143 13
268 3097 363 3146 Tiburni
373 3099 449 3158 uem,
461 3105 503 3150 etsi
516 3115 538 3150 et
548 3103 580 3150 ibi
594 3105 684 3150 variant
695 3103 795 3150 codices.
808 3120 830 3150 v.
840 3104 949 3149 Torrent.
959 3113 983 3148 et
992 3098 1096 3146 lambin.
1111 3095 1141 3142 cl.
1154 3093 1196 3139 ini.

155 3169 196 3216 lib.
208 3171 249 3228 xt,
264 3173 316 3232 ⁵¹9·
330 3171 425 3218 Titumi
430 3189 562 3236 capreosam
569 3173 636 3221 dedit
644 3173 745 3222 brunei.
752 3207 759 3228 ,
767 3171 839 3236 idque
848 3187 871 3220 ct
880 3177 931 3236 ipse
940 3171 1027 3218 malim.
1036 3171 1125 3216 Vitium
1134 3167 1200 3212 nasci

158 3241 235 3304 potuit
250 3257 343 3289 eversu
354 3255 430 3290 antec.
443 3241 514 3290 babet
525 3255 602 3289 tamen
614 3256 638 3290 et
651 3243 722 3290 altera
735 3242 808 3288 iorma
827 3241 916 3288 Tiburti
931 3255 984 3287 suaa
1001 3238 1164 3286 auctoritatea:
1176 3251 1198 3281 v.

160 3393 274 3452 pugnat,
287 3381 656 3454 tomuemtepumeu-indu-
704 3383 814 3442 bentur;
834 3399 888 3432 non
905 3377 1055 3452 urgendum
1076 3387 1131 3440 est,
1151 3391 1202 3426 uec

161 3469 202 3510 tus
213 3459 296 3527 (illud
303 3459 329 3510 lr.
341 3479 364 3511 a.
373 3460 419 3512 illo
429 3461 439 3531 )
449 3460 545 3532 capiti:
558 3459 658 3530 (indu-
705 3473 855 3531 temporum
861 3459 929 3510 ratio
935 3456 1057 3509 subtilius
1064 3451 1201 3527 exigenda.

162 3549 218 3589 tum
236 3551 317 3608 caput
334 3537 436 3592 habens
453 3539 508 3611 eo)
527 3537 572 3592 Sic
588 3542 657 3612 reqia
704 3537 758 3590 vid.
772 3539 879 3590 Excurs.
892 3536 1091 3607 viligantem,
1102 3545 1204 3602 utpoe·

163 3627 229 3668 tecta
239 3617 342 3669 subibat
351 3619 488 3672 Horridus.
705 3632 743 3684 ta,
755 3631 855 3684 narrat,
864 3617 945 3689 q'num
954 3614 1043 3667 urbem
1055 3613 1144 3664 dicere
1154 3610 1204 3663 de-

198 3698 359 3770 670-677.
382 3700 411 3750 ln
430 3699 571 3752 condenda
590 3699 657 3753 urbe
705 3699 795 3761 beret;
818 3695 891 3769 quod
911 3694 1010 3767 passim
1031 3691 1159 3744 obvium:
1177 3708 1201 3750 v,

161 3778 260 3831 Tibure
285 3791 337 3831 tres
368 3778 464 3831 iratres
490 3779 657 3831 consociatae
706 3778 760 3848 673
775 3773 938 3846 ηιμίχοιιιιιι
956 3772 1068 3826 heroum
1086 3771 1207 3822 Homeri·

160 3874 259 3927 operaa
277 3875 339 3910 atras
356 3870 514 3925 narrantur,
533 3857 660 3930 Amphia-
708 3876 799 3910 corum
812 3853 934 3927 exemplo
943 3863 1131 3925 procurrentes
1143 3863 1205 3902 onte

163 3937 216 4000 rai,
229 3935 275 4006 qui
288 3935 322 3987 ad
333 3935 438 3989 Thebas
451 3935 660 3990 abterrabauae
709 3939 800 3990 aciem.
822 3933 979 3988 Tenendum
999 3943 1039 3986 eat
1059 3949 1090 3984 ex
1115 3927 1204 3982 iliadis

163 4028 206 4066 tus
225 4017 338 4081 interiit,
352 4016 443 4088 Argivi
461 4013 517 4067 lilii.
539 4014 619 4082 Quod
639 4017 659 4067 ii
707 4015 831 4068 lectione.
844 4013 1048 4084 Comparatiov.
1059 4009 1207 4081 fipdsplcn-

163 4097 215 4149 itto
229 4094 315 4150 adbuc
328 4096 603 4168 temporointervivoa
614 4095 660 4148 ba·
709 4093 772 4150 dida
793 4107 832 4148 cst
850 4115 856 4146 ι
874 4091 974 4148 eadem
993 4091 1141 4144 imitatione
1162 4105 1206 4140 ex·
