3022 4682
271 353 332 422 160
518 355 552 416 P.
577 351 809 417 VIRGILII
830 345 1061 421 Maronis

268 480 283 542 l
297 477 412 556 decue,
427 477 451 556 i,
465 493 630 556 nostrum3
644 474 835 540 melioribus
848 466 940 541 utere
953 478 1063 542 fatis.»

267 585 412 647 Tantum
425 583 557 661 effatur,
572 598 605 648 et
617 581 651 645 in
663 581 766 646 verbo
776 583 910 669 vestigia
923 582 1026 646 torsit.

313 689 458 776 Respicit
471 690 586 753 AEneas
598 685 723 766 subito,
737 704 770 753 et
782 688 844 753 sub
856 709 939 776 rupe
952 685 1082 752 sinistra

267 795 390 858 Moenia
403 795 466 858 lata
477 794 582 874 videt,
596 794 717 882 triplici
729 793 928 859 circumdata
940 815 1036 858 muro
1049 815 1056 854 :

267 901 348 982 Quae
361 899 494 988 rapidus
506 899 646 964 flaminis
658 900 761 965 ambit
774 900 974 966 torrentibus
985 900 1091 964 amnis
1269 905 1313 953 550

268 1009 443 1071 Tartareus
456 1005 676 1094 Phlegethon,
690 1022 890 1096 torquetque
902 1007 1050 1072 sonantia
1063 1026 1146 1068 saxa.

268 1115 363 1176 Porta
375 1111 525 1192 adversa,
539 1112 669 1199 ingens,
684 1107 859 1202 solidoque
870 1112 1045 1177 adamante
1056 1110 1236 1177 columnas:

269 1222 325 1286 Vis
337 1239 374 1286 ut
387 1222 476 1286 nulla
488 1222 611 1301 virum,
625 1243 692 1285 non
706 1222 767 1310 ipsi
780 1219 971 1286 exscindere
983 1221 1071 1285 ferro

284 1405 288 1428 ;
299 1386 350 1443 566.
368 1388 424 1450 ique
439 1387 507 1432 decus
523 1395 593 1433 matr.
607 1388 645 1433 ed.
662 1389 723 1434 Ven.
735 1415 767 1424 -
779 1388 831 1451 547.
846 1389 933 1452 affatus
948 1389 1040 1450 Menag.
1057 1405 1103 1434 rec.
1116 1405 1137 1433 u.
1151 1387 1233 1450 pressit
1245 1383 1311 1428 Rom·

267 1457 362 1512 Medic„
370 1461 445 1520 gravis
457 1457 562 1520 profecto
573 1462 698 1506 auctoritas
703 1477 710 1516 ς
723 1461 763 1505 ubi
775 1461 922 1523 conspirant!
935 1462 961 1506 it.
974 1461 1035 1506 oud.
1048 1476 1091 1523 pro
1102 1476 1150 1506 rar.
1163 1457 1216 1505 lect.
1229 1456 1310 1516 Puflet·

268 1529 306 1574 cd.
325 1529 385 1574 Ven.
399 1529 469 1574 Goth.
481 1545 527 1576 sec.
539 1529 563 1576 h.
577 1547 597 1576 e.
611 1531 712 1577 substitit
726 1531 842 1594 Deiphobi
854 1533 947 1588 umbra,
962 1535 1030 1578 AEnca
1043 1531 1141 1580 ulterius
1150 1541 1269 1592 pergente·
1281 1549 1314 1562 -·

269 1596 321 1652 548.
336 1606 359 1642 et
367 1597 446 1643 aberat
454 1598 523 1644 codd.
534 1599 594 1644 Pier.
604 1599 646 1646 sut
656 1619 674 1646 r.
685 1611 765 1646 cavata
775 1618 810 1663 pr.
822 1603 902 1649 Hamb.
911 1619 954 1665 pro
964 1619 1011 1649 rar.
1021 1602 1074 1649 lect.
1086 1619 1113 1648 er
1123 1601 1164 1646 lib.
1175 1601 1216 1654 111,
1228 1612 1313 1658 ²29·-

269 1667 322 1711 551.
335 1671 433 1712 tonantia
444 1669 508 1713 Roru.
521 1669 582 1714 conf.
596 1686 647 1733 sup.
659 1671 688 1716 acl
696 1673 724 1727 V,
738 1671 790 1718 666.
805 1681 935 1737 torqrretqne
947 1690 1001 1737 pro,
1014 1685 1132 1736 torquens.
1143 1672 1182 1716 Est
1191 1667 1313 1714 Homerica

268 1737 339 1791 ratio,
352 1751 398 1798 qua
409 1749 512 1782 mutatur
527 1741 690 1802 participium,
702 1741 767 1804 quod
780 1759 823 1805 pro
838 1743 942 1806 epitheto
954 1756 1025 1799 esset,
1037 1746 1061 1788 in
1073 1757 1156 1788 novam
1169 1737 1313 1803 propositio-

268 1819 330 1850 nem.
346 1829 378 1840 -
392 1805 444 1851 552.
461 1805 561 1872 solrduq.
574 1811 709 1857 emendasse
723 1813 828 1858 Vossiurn
841 1803 869 1860 ci
881 1815 958 1860 Burm.
972 1814 1049 1869 disco;
1067 1827 1098 1857 sc.
1116 1822 1142 1856 ut
1158 1811 1182 1854 in
1194 1805 1314 1868 vulgarem

268 1879 396 1922 orationem
413 1875 576 1926 deflecteretur
592 1884 684 1944 poetica
702 1885 743 1929 vis.
760 1900 804 1949 que
816 1885 880 1932 deest
893 1884 960 1932 alteri
973 1887 1056 1930 Hamb.
1073 1897 1152 1928 averse
1170 1892 1192 1926 et
1204 1874 1315 1924 columbe

269 1945 339 1991 Goth.
353 1959 420 2004 tert,
437 1950 496 1994 miro
507 1947 596 1997 librarii
608 1967 710 2016 stupore.
723 1956 751 2000 Et
768 1955 850 2001 horum
865 1956 986 2004 hominurn
997 1956 1128 2002 barbariem
1143 1961 1314 1998 excuterem

267 2017 346 2080 piget!
363 2043 394 2053 —
411 2019 463 2065 553.
483 2023 600 2068 excindere
613 2041 665 2070 curn
680 2027 760 2088 fragm.
774 2029 848 2075 Vatic.
862 2029 929 2074 Witt.
947 2043 969 2076 et
989 2028 1026 2074 erl.
1046 2027 1119 2082 Ven,
1134 2036 1160 2070 ut
1176 2021 1313 2086 plerumque

268 2087 357 2135 librarii
376 2091 488 2136 scribunt.
508 2095 610 2140 excidere
629 2096 742 2142 Montalb.
762 2099 792 2144 ci.
812 2099 842 2146 ad
860 2101 907 2157 tv,
923 2100 976 2158 425.
990 2101 1017 2144 ln
1029 2097 1075 2144 fine
1087 2094 1258 2143 versusiterum
1269 2088 1315 2134 du·-

269 2227 768 2297 ¹³m0nr³¹i⁰=v·V.L·-544.Nesoevi
813 2233 911 2306 piieem
932 2251 1039 2284 murum
1058 2225 1238 2302 suppeditavit
1260 2223 1315 2274 He-

268 2321 318 2373 pro
333 2303 453 2376 vuigari:
472 2327 505 2358 ne
521 2309 644 2361 irascere.
660 2310 767 2381 explebo
817 2313 907 2364 sindus
919 2311 1020 2384 Theog.
1037 2311 1104 2380 726,
1119 2307 1166 2360 sed
1183 2306 1220 2357 ibi
1232 2301 1315 2354 subii·

269 2401 416 2434 nrrmerum.
431 2385 503 2455 Piget
519 2387 704 2440 Servianarurn
720 2409 768 2440 uu·
817 2394 885 2442 mior
903 2393 941 2442 rei
960 2394 1064 2462 imago,
1082 2383 1181 2454 χίλκιοι
1197 2383 1270 2453 ipsos»
1289 2391 1316 2432 0²

267 2481 369 2532 garum.
383 2463 462 2514 Haud
481 2463 562 2517 dubie
580 2465 614 2519 de
629 2467 715 2519 reditu
733 2467 768 2520 sd
818 2471 879 2536 ἀμφὶ
898 2471 923 2524 Ν
940 2493 980 2536 μη
1003 2467 1045 2536 νὺξ
1066 2463 1194 2538 τριηοιχιὶ
1216 2461 1315 2526 rixare·

269 2542 391 2606 umbras,
404 2561 420 2593 a
433 2543 530 2612 quibus
545 2545 715 2612 discesserat,
729 2560 769 2599 est
817 2551 868 2619 erpi
881 2549 951 2620 mpii
963 2551 990 2602 h.
1005 2569 1028 2603 e.
1046 2552 1137 2602 fauces
1151 2544 1264 2596 Tartari.
1277 2540 1316 2590 Ex

268 2620 496 2691 intelligendum
523 2641 648 2676 numerus
676 2645 768 2678 earum
816 2644 932 2700 utroque
948 2631 1062 2701 profecit
1078 2627 1205 2678 Miltonut
1219 2619 1314 2673 Pared.

270 2701 325 2768 ejus
341 2699 459 2752 discessu
477 2717 531 2752 nno
548 2706 636 2773 capite
650 2697 707 2756 erat
722 2704 768 2756 de·
819 2700 1316 2778 lost‚B.11‚642sqq.-552.coiumnas

269 2781 395 2830 minutus.
426 2780 520 2830 reddar
546 2783 674 2846 tenebris,
703 2799 769 2854 puta
818 2788 851 2841 de
867 2789 987 2860 postibus
1002 2791 1114 2858 accipio.
1128 2780 1316 2836 hnitaturHo·

269 2877 314 2912 eos
332 2859 533 2912 confabulando
551 2865 713 2932 processisse
725 2868 769 2918 via
817 2872 945 2928 moricum
966 2869 1042 2920 iliad.
1060 2869 1093 2928 θ,
1118 2865 1148 2918 15
1159 2855 1237 2914 ”Erre
1253 2855 1317 2910 erdri-

267 2957 359 2992 rersus
371 2940 496 3012 Elysium.
510 2941 662 3014 caliginosa
680 2958 767 2998 autem
817 2947 876 3016 pne(
884 2967 910 2999 es
920 2946 1009 3008 atra,
1022 2944 1062 2998 καὶ
1073 2943 1171 3011 paneros
1181 2938 1254 2994 sv’dr'r·
1267 2947 1319 2990 stat

268 3021 324 3073 hee
339 3023 462 3074 citeriora
474 3022 535 3075 loca
552 3041 608 3077 esse
624 3027 688 3076 satis
701 3026 769 3079 vidi·
816 3030 853 3080 ad
860 3047 952 3092 aurat,
964 3028 1060 3081 educta
1074 3039 1127 3086 est3
1141 3026 1168 3075 in
1182 3039 1261 3073 auras
1271 3017 1316 3070 hic

268 3119 335 3152 mus·
482 3113 487 3126 ’
815 3119 843 3158 et
864 3125 889 3158 v.
917 3107 964 3159 561
994 3107 1108 3178 argutati
1130 3115 1191 3155 sunt
1213 3113 1316 3152 veteres

305 3181 356 3249 548
376 3198 434 3251 sqq.
457 3181 495 3234 De
513 3183 627 3234 Tartaro
641 3185 700 3236 vid..
717 3185 768 3237 Ex·
813 3187 869 3254 Jarn
888 3186 950 3238 inde
972 3204 988 3239 ι
1006 3185 1125 3238 Pollione
1143 3207 1149 3235 r
1167 3182 1220 3234 vid.
1243 3175 1317 3250 apud

269 3279 338 3313 curs.
362 3263 431 3312 vul.
454 3261 571 3314 Omnino
595 3263 640 3315 iiie
662 3266 690 3316 in
711 3278 768 3316 toto
796 3315 798 3323 ,
818 3265 907 3328 Serr.;
921 3268 984 3337 quia
996 3266 1061 3318 aiibi
1072 3283 1122 3317 nec
1134 3279 1239 3316 sernec
1248 3259 1316 3311 aeris

269 3341 400 3394 hocloco
419 3341 539 3394 Carceris
560 3345 656 3396 faciem
676 3343 767 3396 hahet.
818 3337 1314 3398 moturTartarotribuitur.Verurnh.

268 3422 339 3474 Cura
351 3425 408 3491 ejus
425 3421 552 3475 mandate
563 3423 768 3478 Rhadamantho
818 3422 836 3474 l.
859 3425 972 3476 altitudo
993 3437 1076 3495 portae
1099 3421 1211 3474 soiienni
1229 3421 1317 3470 forma

269 3519 293 3552 v.
310 3500 375 3569 566,
384 3521 434 3573 pro
452 3502 576 3556 carnifice
592 3517 631 3556 est
644 3507 666 3555 Τ
668 3505 769 3577 isipho-
818 3503 945 3575 loquendi
955 3503 1091 3555 redditur:
1102 3519 1159 3553 esse
1170 3519 1228 3552 eam
1238 3497 1318 3551 educ·

269 3601 302 3634 ne
318 3585 384 3652 571,
399 3601 449 3653 pro
468 3584 583 3652 janitore
603 3587 692 3658 Hydra
707 3588 767 3657 576.
818 3596 871 3636 tarn
880 3585 906 3634 in
914 3601 1001 3647 auras,
1010 3579 1259 3632 incatumroeueo
1266 3593 1319 3629 ser·
1391 3633 1395 3640 ,

268 3663 313 3712 sub
327 3663 505 3732 mpesinistra
527 3686 535 3716 :
555 3684 647 3735 rupem
667 3685 699 3719 ex
712 3669 768 3718 Hn·
817 3667 890 3716 rnoni
900 3661 951 3712 hoc
962 3665 999 3713 ita
1010 3664 1147 3733 proprium
1157 3659 1317 3732 putendum,

269 3744 453 3804 tremuerit,
472 3744 518 3795 ubi
539 3746 608 3797 inter
621 3747 724 3818 Stygem
741 3759 768 3797 et
817 3755 847 3792 nt
869 3741 916 3794 iiia
936 3742 1015 3812 piane
1036 3740 1125 3792 locum
1144 3759 1198 3791 non
1216 3738 1317 3790 habeat

269 3820 396 3890 Cocytum
420 3819 493 3888 llice·
512 3843 537 3874 rr
556 3822 644 3890 ξύνεσίς
663 3846 689 3876 rr
720 3822 766 3877 driu
817 3822 1132 3885 subtilitas,anuurain
1147 3819 1317 3871 iocisinferis

269 3899 382 3960 ποταμδν
400 3899 523 3967 &prete-r
543 3903 637 3976 Odyss.
660 3925 688 3970 s,
707 3905 766 3957 515.
818 3901 957 3956 sit--fiss
968 3902 1137 3955 Adeonulius
1145 3899 1207 3952 inde
1215 3897 1317 3950 reditus

270 3979 369 4028 dloenia
381 3977 408 4030 h.
422 3978 439 4030 Ι.
458 3980 491 4032 de
502 3981 580 4049 loco,
593 3986 637 4053 qui
655 3984 769 4036 includi·
819 3983 853 4035 ad
861 4002 980 4055 superos.
992 3982 1072 4050 Quod
1082 3981 1176 4032 turrim
1187 3977 1315 4050 appellat,

270 4071 313 4109 tur
326 4062 423 4127 muris,
436 4074 465 4114 ut
482 4063 547 4116 alias
563 4083 613 4136 pro
630 4065 704 4118 urbe.
723 4066 769 4118 tri-
817 4077 883 4136 puta
895 4083 952 4118 esse
965 4063 1104 4119 edificium
1117 4064 1222 4132 ingens,
1232 4059 1259 4107 in
1273 4054 1315 4106 nl·
