3022 4682
299 381 359 460 ¹24
464 397 466 404 ’
545 379 580 439 Ρ.
604 373 835 439 VlRGlLll
858 375 1089 448 Minonis

295 501 337 564 Et
348 522 466 565 croceo
478 500 548 563 fetu
560 498 672 564 teretis
684 497 888 564 circumdare
901 515 1046 568 truncos

294 606 384 671 Talis
396 622 464 671 erat
476 605 602 694 species
612 605 684 670 auri
697 603 882 671 frondentis
895 629 998 696 opaca

294 711 389 790 llice,
401 711 447 776 sic
458 711 526 776 leni
538 709 718 799 crepitabat
729 709 860 776 bractea
873 730 983 778 vento.

295 818 445 905 Conripit
456 821 572 882 AEneas
582 815 762 905 extemplo,
776 816 959 909 avidusque
971 821 1122 909 refringit
1293 851 1338 882 atu

295 926 526 1002 Cunctantem,
540 939 574 988 et
585 924 667 988 vatis
679 939 788 1010 portat
799 923 861 988 sub
875 940 959 990 tecta
971 925 1112 1016 Sibyllae.

340 1032 409 1095 Nec
421 1029 530 1094 minus
542 1031 668 1094 interea
680 1029 848 1094 Misenum
859 1032 893 1095 in
907 1032 1003 1096 litore
1015 1034 1136 1097 Teucri

296 1135 447 1216 Flebant,
461 1153 494 1203 et
506 1137 609 1203 cineri
622 1138 752 1224 ingrato
763 1160 916 1227 suprema
929 1139 1089 1204 ferebant.

296 1242 462 1330 Principio
474 1243 633 1331 pinguem
645 1242 740 1308 taedis
752 1261 785 1310 et
796 1245 917 1310 robore
929 1262 1019 1310 secto

297 1350 469 1436 Ingentem
482 1365 629 1414 struxere
642 1353 844 1439 pyramzcui
857 1351 1031 1416 frondibus
1042 1352 1120 1417 atris
1298 1369 1341 1414 τις

297 1457 453 1519 intexunt
463 1455 579 1534 latera,
593 1471 626 1520 et
638 1456 748 1521 feralia
759 1473 836 1521 ante
849 1479 1022 1544 cupressos

298 1559 523 1637 Constitnunt‚
538 1558 763 1650 decorantque
775 1584 877 1649 super
888 1560 1090 1648 fulgentibus
1102 1563 1210 1626 armis.

330 1687 382 1734 ²⁰7·
394 1681 478 1718 veteres
492 1690 512 1718 c.
524 1690 559 1737 pr.
577 1674 687 1720 Rottcnd.
700 1692 713 1720 a
725 1693 755 1721 m.
771 1692 830 1732 sec„
845 1675 912 1722 male.
923 1691 943 1722 c.
956 1690 1030 1722 rantes
1042 1672 1131 1738 aliquot
1142 1677 1216 1732 Pleu,
1228 1690 1256 1722 ea
1267 1677 1344 1723 inter·

298 1753 452 1804 pretamento.
467 1753 596 1791 &raucorum
606 1747 675 1791 etiam
685 1745 754 1791 Ovid.
767 1747 823 1792 Met.
834 1746 894 1800 XIV,
911 1747 951 1791 115
960 1748 1074 1807 jussitque
1083 1759 1125 1790 suo
1136 1743 1239 1790 divellm
1251 1753 1344 1800 muno,

298 1829 328 1859 ex
337 1811 382 1857 boc
394 1815 446 1875 ipso
457 1812 518 1860 loco.
525 1830 613 1877 -²⁰9·
626 1813 817 1861 tormentaret.
828 1813 897 1860 Goth.
906 1829 952 1860 sec.
961 1812 1015 1860 llice
1026 1813 1068 1858 sul
1081 1811 1125 1858 leui
1132 1813 1237 1860 Parrbas-
1246 1813 1289 1862 sub
1300 1813 1347 1860 leui

298 1883 367 1928 Witt.
388 1895 411 1928 et
426 1885 485 1930 Ven.
502 1885 642 1949 crepitabant
654 1885 733 1931 licina.
746 1902 774 1932 ex
786 1885 855 1932 codd.
869 1883 981 1947 protulit,
1001 1895 1028 1930 ut
1039 1885 1190 1946 exquisitiore
1205 1895 1228 1930 et
1240 1883 1345 1932 doctiore

297 1953 489 2000 rationedictum
502 1956 544 2012 sit,
561 1954 617 2002 dum
633 1954 713 2017 plures
724 1968 799 2002 essent
811 1956 917 2001 bracteae.
938 1955 1042 2000 Adstruit
1053 1954 1116 2000 idem
1128 1953 1206 2000 mulu's
1222 1952 1346 2016 exemplis,

299 2035 353 2086 quae
365 2035 441 2070 tamen
451 2025 563 2091 pleraque
571 2027 656 2074 diversi
666 2029 758 2088 generis
770 2039 835 2084 sunt,
848 2026 986 2090 elegantiam
998 2025 1073 2080 banc,
1085 2027 1152 2087 cujus
1163 2027 1298 2075 suavitatem
1308 2025 1346 2071 ia-

265 2113 268 2120 ’
300 2099 637 2162 teotmesatisperciperenon
645 2098 910 2162 postelixalteraparte
918 2097 1066 2144 librariorum
1074 2095 1344 2158 ludibriisplureahttjtts

299 2167 391 2228 generis
401 2165 491 2213 deliciae
504 2169 647 2230 imputanda
656 2169 773 2216 videntur.
786 2171 860 2216 Etiam
871 2169 895 2214 b.
906 2168 922 2214 l.
932 2167 1057 2232 crepitabat
1067 2179 1101 2214 est
1112 2167 1137 2212 in
1148 2165 1348 2228 prestantior-ibus

300 2235 388 2284 Medic.
402 2251 424 2285 et
436 2241 501 2285 Rom.
511 2275 518 2296 ,
529 2243 570 2304 qui
582 2241 677 2288 dircram
692 2255 760 2289 scctae
776 2242 870 2288 codices
881 2244 899 2288 ti
915 2243 939 2287 in
951 2241 1050 2288 eandem
1067 2238 1190 2286 lectionem
1203 2241 1349 2300 conspirant,

300 2309 354 2354 satis
365 2325 458 2370 gravem
470 2314 632 2358 auctoritatem
643 2312 737 2359 habeut.
749 2315 821 2359 Porro
832 2311 932 2368 brattea,
944 2310 1020 2358 bruteri
1027 2343 1036 2366 ‚
1048 2307 1151 2364 brathea,
1163 2306 1279 2363 tuctur,
1290 2310 1349 2354 acri·

300 2378 360 2425 bunt
372 2379 469 2426 librarii.
480 2383 499 2426 Δ
509 2394 554 2427 tam
564 2384 665 2429 indoctis
677 2383 812 2430 bominibus
823 2383 908 2448 quidni
920 2394 1043 2444 expectet,
1052 2396 1096 2443 pro
1103 2379 1190 2442 plurali
1196 2381 1291 2426 notitiae
1303 2378 1349 2424 buc

299 2447 405 2496 habitum
414 2452 484 2498 luisse
491 2453 502 2497 i
509 2479 541 2489 -
551 2469 603 2500 aro.
613 2454 725 2518 extemplo
733 2457 818 2500 AEneas
830 2454 908 2518 rulgg.
922 2467 975 2500 ante
983 2455 1062 2499 licina.
1069 2487 1076 2510 ,
1083 2467 1128 2498 aec
1138 2449 1254 2512 displicet.
1267 2450 1350 2513 reficit

301 2520 371 2566 Goth.
384 2531 438 2567 tert.
450 2547 481 2558 —-
494 2539 545 2567 att.
557 2525 683 2570 Secwutem
696 2542 724 2571 er
736 2524 847 2570 Waddel.
858 2524 982 2570 Animadv.
996 2525 1047 2570 crit.
1059 2539 1083 2586 p¹
1097 2536 1125 2568 aa
1138 2533 1251 2566 memorat
1262 2521 1352 2576 Butam,

202 2605 204 2610 ·
300 2591 408 2636 inutilem
419 2608 474 2638 eane
487 2595 683 2642 emendationem.
696 2599 752 2642 votis
765 2595 879 2642 Montalb.
890 2621 921 2630 -
932 2595 984 2641 213.
997 2608 1118 2658 supprema
1129 2593 1196 2636 llont.
1214 2603 1238 2636 et
1246 2589 1349 2650 zulich„

302 2677 331 2708 ex
341 2663 532 2724 pronuntiatione
545 2681 576 2712 au
587 2684 616 2712 cx
626 2667 683 2714 falso
694 2670 789 2724 timore,
798 2684 827 2714 nc
838 2681 937 2724 metrum
945 2661 1350 2725 rueret.-214·r·⁵i⁰⁶⁰rr··¹¹²¹¹¹·

302 2733 370 2794 burg.
384 2750 410 2780 cx
422 2735 505 2796 glossa.
519 2739 647 2802 Distinguit
658 2739 791 2786 Wakefield
801 2756 807 2786 :
817 2742 923 2804 pinguem
936 2739 1012 2795 radis,
1025 2746 1048 2784 et
1056 2734 1134 2784 robore
1146 2744 1206 2781 secto
1222 2735 1351 2797 laomim,

301 2811 344 2846 str.
356 2827 388 2837 -
400 2805 453 2850 215.
467 2807 542 2869 rums.
554 2823 576 2853 a.
589 2806 681 2872 aliquot
699 2810 800 2855 rica-
810 2809 862 2855 216.
879 2823 1000 2871 cupressus
1016 2805 1095 2853 Schol.
1114 2805 1202 2867 Cruqn.
1214 2803 1293 2848 llorat.
1310 2817 1350 2864 ap.

303 2873 383 2919 ttetns.
396 2874 426 2920 ci.
439 2877 479 2920 ttl.
491 2877 530 2934 64.

305 2973 379 3041 cujus
392 2976 493 3028 semina
507 2995 568 3028 aver
580 2991 710 3049 appetunt
722 2990 748 3030 et
760 2980 803 3032 in·
852 2989 943 3044 ornat,
956 2990 986 3028 nt
1001 2986 1092 3039 tenax,
1108 2972 1207 3026 Ientus:
1220 2981 1247 3022 et
1256 2980 1313 3021 erat
1324 2986 1350 3018 v.

305 3048 410 3103 terdnnt
421 3067 507 3106 rostro
521 3055 678 3127 absportata
688 3059 802 3113 iurantis
856 3057 903 3126 137
921 3055 991 3108 tento
1010 3054 1106 3106 vimine
1124 3068 1227 3114 ramnes,
1252 3049 1351 3118 quippe

304 3130 431 3184 arborum
465 3147 492 3186 et
525 3139 624 3190 cortice
655 3136 802 3208 deponunt.
852 3154 971 3190 exuuro.
985 3133 1027 3186 sic
1047 3135 1071 3186 ll
1089 3132 1185 3202 Georg.
1200 3127 1251 3182 236
1263 3125 1352 3199 plebat

305 3209 376 3263 Male
387 3210 482 3278 habet,
493 3215 567 3284 quod
577 3217 665 3270 Heius.
677 3231 703 3270 et
714 3220 803 3270 Rurm.
853 3225 1004 3270 cunctantes
1012 3213 1134 3268 vidimus.

307 3287 342 3340 ad
354 3293 497 3361 aucupium
506 3293 597 3346 delabi
608 3308 729 3365 potuere.
742 3298 804 3360 bru-
889 3315 939 3354 ata
950 3325 984 3336 -
994 3313 1053 3363 217.
1068 3294 1186 3364 ingrato,
1201 3287 1306 3350 malim,
1322 3299 1354 3338 ¹¹1

306 3365 373 3418 mali
380 3368 499 3442 frigore,
514 3385 577 3425 tunc
589 3376 659 3426 enim
671 3389 803 3432 maturum
850 3375 957 3432 Servius
971 3375 1055 3428 altero
1064 3373 1125 3425 loco
1136 3369 1226 3440 ponit,
1239 3369 1353 3440 gratiam

306 3449 434 3502 ost.Serv.
448 3479 482 3490 -
495 3468 553 3521 ²⁰7·
574 3471 661 3506 croceo
674 3453 753 3524 fetu,
772 3476 803 3510 et
852 3477 902 3509 nec
923 3455 1061 3516 sentienti,
1080 3469 1130 3504 nec
1153 3449 1287 3501 referenti.
1307 3449 1355 3500 Est

306 3541 403 3582 natura
418 3531 492 3586 visci.
512 3532 582 3586 ΡΙίιι.Δ
598 3535 695 3600 XXIV,
715 3536 732 3602 4
749 3554 769 3586 s.
786 3539 804 3590 6
852 3535 995 3590 bairhtai
1005 3532 1082 3595 σιῒμιι·
1092 3527 1352 3598 ιιῑιαφόγιΐιΙΙίαᾶ.

308 3607 447 3678 Optimum
457 3623 536 3664 ett—
546 3612 752 3683 extrofuloum,
766 3614 805 3666 ira·
853 3637 885 3676 e,
899 3614 941 3680 54.
952 3641 986 3652 -
997 3611 1056 3664 215.
1069 3610 1149 3662 cont.
1161 3609 1238 3663 lliad.
1255 3609 1287 3673 ψ,
1304 3608 1354 3673 164

308 3697 348 3737 tus
364 3707 528 3756 porraeeum.
540 3723 574 3732 -
586 3695 647 3747 aoli-
664 3694 736 3746 Talis
748 3707 805 3748 erat
853 3711 931 3765 seqq.
938 3691 1080 3763 frondibus
1093 3692 1156 3744 atris
1171 3691 1299 3743 inurunt
1317 3687 1354 3738 le-

309 3784 397 3819 ramus
410 3786 519 3838 aureus,
532 3786 558 3826 et
571 3774 660 3844 specie
672 3784 699 3825 et
709 3785 783 3825 motu
797 3795 803 3823 :
854 3783 909 3825 tera
921 3783 1030 3837 ornate,
1043 3773 1148 3825 iaciunt
1164 3771 1249 3824 latera
1267 3787 1299 3820 ea
1311 3786 1356 3820 ra·-

308 3847 420 3916 quippe‚
431 3865 512 3916 quum
522 3850 623 3904 lamina
631 3864 700 3906 esset
713 3869 803 3918 aurea,
852 3853 948 3906 miset
971 3851 1049 3924 lignis
1071 3852 1197 3905 arborum
1220 3850 1356 3921 nigrican-

308 3936 389 3975 vento
410 3939 484 3978 mota
506 3933 636 4002 crepitare
657 3932 758 3985 debuit.
771 3961 805 3972 --
853 3935 934 3996 tium,
946 3945 976 3984 ut
985 3933 1066 3984 tristia
1079 3931 1221 4003 adspectus
1232 3940 1317 3989 estoit
1329 3936 1357 3977 ei

312 4017 371 4056 att.
392 4016 558 4060 cunctantem
577 4029 633 4062 non
654 4030 685 4064 eo
709 4012 806 4077 modo,
850 4012 1019 4085 feralesarate
1033 4031 1160 4084 cupressos
1178 4009 1353 4064 Constituant.

311 4099 366 4156 (1¹¹0
385 4084 448 4154 147,
471 4087 519 4154 ι48
540 4089 654 4156 dixerat,
672 4093 720 4146 aad
737 4113 807 4148 nnuc
856 4095 957 4148 Volunt
969 4093 1077 4150 arborea
1091 4104 1153 4147 aute
1170 4109 1265 4163 regma
1283 4086 1355 4160 posi-
