3022 4682
492 403 728 470 AENEIDOS
751 405 907 468 LIBER
931 405 993 470 Vl.

198 508 201 520 Ι
217 532 305 614 Quin
319 547 366 607 et,
380 551 536 617 supremo
549 553 655 620 quum
668 530 794 594 lumine
806 530 871 593 vita
885 530 1031 619 reliquit,

148 673 153 680 ·
218 639 294 703 Non
307 655 416 702 tamen
430 661 528 702 omne
541 637 664 701 malum
677 638 820 714 miseris,
835 658 896 700 nee
910 635 1060 702 funditus
1072 660 1187 703 omnes

219 745 395 830 Corporeae
408 741 573 809 excedunt
584 761 708 832 pestes,
721 743 920 832 penitusque
934 765 1068 808 neeesse
1081 761 1130 808 est

218 849 325 912 Multa
337 847 395 912 diu
407 866 559 914 concreta
572 847 680 914 modis
694 849 874 912 inolescere
887 848 991 912 miris.

217 953 305 1040 Ergo
319 973 512 1018 exercentur
524 955 644 1043 poenis,
659 971 877 1042 veterumque
890 953 1053 1018 malorum

218 1059 386 1146 Supplicia
400 1059 612 1148 expendunt:
625 1061 697 1124 aliae
709 1059 901 1148 panduntur
914 1059 1018 1124 inanis

218 1162 392 1251 Suspensas
405 1164 446 1228 ad
461 1181 592 1244 vent0s3
605 1165 675 1229 aliis
688 1165 749 1230 sub
763 1167 890 1252 gurgite
903 1181 995 1228 vasto

218 1269 385 1334 Infectam
399 1271 522 1334 eluitur
533 1271 654 1350 sceluS,
668 1289 725 1336 aut
737 1271 885 1336 exuritur
897 1271 981 1358 igni3

241 1454 294 1516 735.
302 1455 586 1520 supremamqanrnlumen
594 1457 707 1504 Montelb.
716 1471 739 1504 et
747 1469 800 1504 tert.
808 1456 927 1512 llouend,
935 1454 1057 1502 noomale.
1067 1453 1141 1500 limine
1148 1471 1183 1518 pr.
1190 1455 1271 1502 llamb.

218 1540 263 1586 pro
271 1526 324 1570 Ver.
336 1525 369 1580 L,
380 1527 434 1570 item
442 1529 543 1574 Servius.
554 1526 660 1591 relinquit
669 1527 759 1590 aliquot
769 1531 848 1574 Burro.
860 1540 883 1573 et
893 1527 975 1588 fragm.
986 1527 1061 1571 vatic.
1072 1541 1084 1570 a
1094 1541 1125 1570 rn.
1134 1541 1170 1586 pr.
1179 1551 1210 1562 —-
1219 1517 1272 1588 736.

218 1598 267 1640 Nee
278 1605 351 1640 tantm
366 1597 458 1658 Menag.
468 1615 504 1660 pr.
516 1625 547 1634 ·-
555 1601 606 1662 7137.
625 1600 732 1646 excidant
742 1599 793 1646 Ald.
803 1615 855 1662 pn,
867 1611 889 1644 at
901 1615 961 1644 corr.
975 1600 1000 1643 in
1017 1597 1183 1644 accenderet
1196 1600 1272 1660 Sprot.

219 1689 250 1700 -—
261 1665 312 1727 738.
323 1667 361 1712 diu
371 1671 490 1731 conjuncta
501 1669 598 1716 Oudart.
610 1669 737 1716 irtolescere.
748 1672 793 1716 Fea
801 1669 912 1734 Saqqiodi
920 1683 992 1714 nuooe
1004 1666 1117 1714 illustras.
1130 1684 1154 1730 p.
1169 1682 1218 1730 ¹²7·
1227 1683 1272 1713 em.

218 1735 357 1788 abolescere:
365 1755 437 1800 quarn
446 1755 489 1784 ner
497 1742 546 1802 ipse
552 1741 681 1788 doctrinam
688 1754 763 1803 poetes
770 1743 825 1786 satis
831 1751 1002 1802 assequeretur.
1008 1738 1072 1784 lrlern
1080 1753 1092 1784 e
1099 1735 1271 1784 Codbiblioth.

218 1807 374 1855 Casinatensis
382 1809 477 1866 laudet,
490 1809 625 1858 mollescere.
633 1837 663 1848 -
672 1812 725 1874 7l0-
735 1813 868 1875 penduntur
877 1809 976 1858 Dorrill.
983 1835 1015 1847 -
1024 1808 1076 1871 7⁴²·
1091 1807 1200 1872 infestum
1209 1812 1273 1854 Serv.

254 1967 304 2036 735
317 1999 350 2006 —
364 1969 423 2040 739.
437 1971 511 2024 Adeo
522 1977 652 2039 materia,
665 1987 719 2024 ter-

218 2049 307 2096 restris
318 2053 452 2120 corporis,
464 2049 555 2102 sordes
569 2053 720 2106 inolescunt

219 2127 373 2190 animabus,
386 2141 415 2178 ut
428 2129 459 2178 iis
473 2147 505 2180 ne
516 2127 652 2184 dissolutis
665 2133 722 2201 qui·

219 2203 278 2255 ilem
292 2223 308 2255 a
319 2224 432 2278 corpore
446 2209 499 2260 elui
512 2207 562 2259 illte
573 2211 651 2262 facile
662 2229 722 2282 pos-

219 2285 279 2334 sint.
293 2286 386 2355 ltaque
399 2291 571 2358 purgationes
582 2289 647 2340 liunt
660 2309 722 2360 ope·

218 2381 285 2415 roste
305 2383 390 2436 aqua,
415 2385 488 2429 aere,
512 2369 579 2440 igni,
604 2370 630 2420 in
655 2369 721 2420 loeis

218 2444 318 2495 inferis.
333 2445 434 2496 Ornate
445 2461 532 2498 autem
544 2451 640 2500 omnia.
650 2447 720 2500 Con-

218 2527 316 2598 tagium
330 2529 451 2596 eorporis
465 2527 579 2594 dictum,
597 2527 717 2595 malum,

217 2622 346 2676 carpor-ete
362 2617 458 2677 pestes,
472 2619 555 2658 vetem
569 2607 640 2659 mala
648 2648 656 2674 ,
669 2627 720 2660 see-

218 2683 463 2758 1ru;intelligendre
477 2702 564 2742 autem
577 2689 718 2761 perturba·

217 2768 303 2818 tiones
327 2781 353 2818 et
376 2767 535 2840 cupiditates
554 2769 600 2839 (r.
625 2773 675 2840 733
689 2772 718 2842 ),

217 2848 275 2910 irte,
289 2860 388 2911 metus,
401 2851 512 2900 tristitia²
522 2887 529 2915 ,
540 2865 565 2901 et
578 2853 615 2901 sir,
629 2869 718 2922 porro.

217 2921 367 2976 Secundum
396 2928 476 2980 semel
508 2929 656 2982 institutam
679 2931 718 2981 rei

218 3003 449 3068 adumbrationem
469 3007 548 3060 iidem
567 3009 718 3061 animorum

218 3081 344 3132 dicuntur
365 3101 421 3134 esse
441 3087 541 3150 morbi,
564 3107 610 3138 seu
632 3087 717 3152 tates,

218 3163 315 3226 sordes,
338 3162 465 3228 maenloe,
487 3167 588 3227 rnar'drr,
612 3165 718 3230 ulcera,

218 3243 359 3306 cicatrices,
369 3239 492 3306 prisona,
503 3243 576 3305 einai,
586 3247 719 3310 wippam

218 3320 281 3372 bine
290 3321 556 3394 suavis‘ille'mytlms,
567 3341 612 3375 seu
620 3327 721 3376 insolu-

220 3412 276 3450 tum
293 3401 416 3452 fabuloso
434 3405 587 3455 narratione
604 3403 721 3474 philoso-

218 3479 316 3551 plrema
329 3483 400 3552 apud
414 3481 515 3534 Platon.
536 3483 632 3555 Georg.
654 3497 719 3535 extr,

218 3577 246 3630 p.
264 3559 329 3623 356,
347 3559 396 3630 357
419 3561 452 3614 tle
472 3563 611 3614 animabus
630 3581 720 3615 eoram

219 3637 423 3692 Rhadamantho
437 3643 568 3696 audendis
579 3665 585 3706 ;
599 3661 652 3714 quo
662 3644 721 3695 Plu-

218 3720 303 3772 rarelr.
328 3721 361 3772 tle
381 3721 436 3788 liis,
462 3726 506 3794 qui
527 3743 586 3776 sero
609 3743 624 3777 a
647 3743 719 3777 num.

220 3819 284 3870 pun.
295 3801 325 3851 Τ.
339 3803 376 3868 ll,
391 3821 417 3874 p.
432 3803 496 3870 564,
512 3805 577 3869 565,
591 3818 616 3856 et
628 3805 722 3857 Lucia-

220 3899 269 3931 nns
280 3881 420 3951 aliquoties
435 3883 585 3936 felicissime
596 3903 659 3936 usas
670 3899 718 3939 est.

219 3961 317 4010 Noster
340 3973 427 4014 autem
451 3975 532 4033 poeta
554 3981 614 4014 curn
639 3967 719 4017 semel

219 4059 268 4109 per
288 4041 370 4093 sordes
393 4054 418 4093 et
441 4041 558 4095 oraculas
572 4045 720 4096 animorum

219 4121 282 4172 'sitia
295 4133 321 4173 et
333 4121 492 4193 cupiditates
503 4123 629 4182 animales
638 4125 722 4198 desig·

770 1985 872 2038 nasset,
885 1973 1097 2026 emendationem
1115 1989 1205 2023 earum
1223 1985 1271 2039 per

768 2053 934 2124 purgationis
945 2069 1028 2123 genus
1049 2051 1116 2102 bene
1136 2049 1272 2109 exhibuit,

770 2133 814 2181 eui
822 2133 877 2200 jam
894 2129 920 2181 in
933 2132 1015 2181 saeris
1034 2141 1060 2182 et
1072 2131 1154 2180 initiis
1167 2127 1271 2178 adsueti

771 2219 846 2259 erant
872 2220 990 2259 veterum
1010 2207 1148 2258 hominum
1179 2207 1271 2256 animi.

770 2287 870 2338 Eadem
892 2289 1016 2359 purgatio
1039 2303 1099 2337 mox
1118 2285 1272 2357 designatur

771 2385 819 2438 per
827 2385 916 2438 peenas
925 2405 932 2430 ,
942 2365 1074 2438 supplicia
1081 2404 1089 2430 ,
1100 2365 1141 2417 vel
1155 2363 1272 2416 Platonis

772 2449 929 2500 auctoritate
948 2451 974 2499 in
991 2448 1092 2518 Gorgia
1109 2447 1127 2497 l.
1149 2465 1172 2497 e.
1195 2443 1269 2516 qursd

768 2547 822 2580 non
848 2527 1018 2580 observatum
1046 2529 1141 2579 misere
1167 2527 1272 2579 vexavit

768 2611 855 2682 lntpp.
869 2611 903 2660 At
916 2627 941 2660 v.
954 2607 1004 2678 738
1015 2611 1118 2660 inversa
1127 2620 1166 2659 est
1174 2608 1270 2657 oratio.

768 2689 889 2743 Debebat
902 2692 976 2760 sequi
990 2713 995 2740 ι
1010 2707 1057 2740 aee
1077 2689 1221 2752 excedunt,
1238 2717 1271 2725 -

767 2771 812 2822 sed
825 2769 930 2837 penitus
952 2769 1120 2832 inoluerunt,
1140 2783 1274 2818 eorscreve-

769 2861 848 2911 παπ,-
872 2847 943 2901 unde
967 2849 1018 2918 746
1041 2859 1161 2899 concreta
1187 2845 1272 2911 labes,

769 2949 827 3001 quas
840 2929 938 2981 eluitur
951 2943 977 2982 et
994 2931 1112 2980 exuritur
1136 2927 1196 2996 742.
1215 2927 1272 2976 lloe

769 3013 805 3062 ita
818 3009 928 3062 extulit:
949 3029 998 3061 nee
1017 3011 1112 3059 mirum
1133 3019 1187 3066 est,
1207 3023 1271 3070 sen,

769 3103 866 3140 nocens
878 3101 930 3152 est,
953 3086 1037 3138 multa
1045 3124 1054 3150 ‚
1070 3085 1182 3137 multum
1199 3085 1256 3134 sitii
1268 3121 1276 3146 ‚

769 3167 816 3219 diu
826 3207 833 3230 ,
846 3187 893 3239 per
906 3181 958 3219 tam
970 3153 1078 3236 longum
1089 3165 1148 3214 vitre
1159 3175 1273 3234 tempus,

770 3258 889 3297 concreta
913 3243 1050 3298 inolescere
1068 3241 1176 3315 penitru
1193 3241 1276 3292 modis

771 3325 852 3376 miris.

807 3404 858 3472 740
870 3433 904 3442 -
921 3401 980 3472 743.
999 3401 1021 3450 Α
1035 3399 1201 3452 sollennrbns
1214 3417 1276 3468 pnr-

768 3485 907 3552 gatianum
921 3494 947 3532 et
960 3481 1149 3532 lustrationum
1168 3479 1272 3531 ritibus.

761 3559 863 3618 ¹Flebat
873 3561 942 3612 enirn
960 3559 1082 3610 lustratio
1097 3575 1172 3624 nere,
1186 3575 1274 3627 aqua,

771 3643 834 3711 igni.
855 3643 911 3692 Nec
925 3639 1002 3692 aliter
1015 3655 1136 3690 sermone
1156 3637 1274 3688 humano

771 3715 1276 3790 efferri'animarumpurgatiopoterat,

770 3819 803 3852 ne
821 3821 837 3853 a
848 3798 1017 3872 pbilosophis
1030 3797 1136 3872 quidem
1150 3797 1271 3850 subtilio-

769 3883 860 3944 ribus,
872 3883 894 3932 si
906 3883 1014 3934 fuerunt
1027 3883 1113 3946 forte,
1126 3879 1171 3950 qui
1183 3879 1271 3929 animo

770 3962 958 4034 corpusculum
966 3979 1041 4014 suurn
1049 3961 1196 4013 detractum
1204 3975 1271 4019 esse,

771 4059 816 4097 aut
829 4063 890 4095 eum
907 4043 963 4094 sine
975 4059 1088 4114 corpore
1102 4041 1272 4111 superstitem

771 4125 931 4196 rogitatione
951 4123 1056 4194 assequi
1073 4121 1183 4180 relleut;
1198 4115 1270 4188 qnod
