2956 4680
250 387 311 476 398
494 384 527 446 P.
552 379 782 446 VIRGILII
808 381 1041 448 tranonts

252 519 340 560 monte
357 506 480 576 exponit,
496 505 620 556 Romanis
639 505 747 576 cognitu

249 585 462 658 jucundissimas.

286 666 339 732 Qui
364 677 451 715 autem
478 661 511 714 de
537 661 651 713 AEneidis
678 679 746 732 prae-

252 746 348 798 stantia
370 755 440 794 recte
459 741 579 811 judicare
600 740 671 806 vult,
692 757 746 790 non

251 845 282 878 ex
299 835 448 876 nostrorum
463 821 626 891 ingeniorum
645 831 671 870 et
687 831 748 868 aeta·

253 908 287 956 tis
306 905 383 975 genio
399 900 527 972 judicium
548 901 634 950 facere
651 896 747 962 debet3

252 984 281 1036 id
302 981 374 1054 quod
394 982 573 1051 importunum
595 988 678 1039 esset,
700 975 749 1026 etsi

250 1062 371 1135 plerique
385 1061 422 1109 ita
433 1058 550 1116 faciunt3
563 1053 611 1106 sed
622 1053 650 1104 id
663 1054 748 1123 respi-

252 1160 311 1193 cere
323 1141 463 1206 animoque
476 1135 596 1205 assequi,
614 1151 694 1203 quam
703 1131 749 1182 de-

251 1221 419 1274 lectationem
431 1227 514 1287 poetar
527 1215 643 1265 carmina
654 1213 749 1262 Roma-

252 1302 291 1352 nis
310 1297 475 1369 potissimum
491 1293 588 1344 afferre
607 1303 746 1362 poterant,

253 1377 349 1450 quibus
370 1374 414 1425 ille
434 1391 464 1423 ea
485 1370 671 1422 meditabatur.
691 1369 748 1418 lam

253 1458 367 1528 origines
377 1453 445 1503 Latii
453 1463 478 1501 et
485 1450 582 1513 Romae,
589 1446 622 1498 ad
630 1459 749 1497 nostrum

251 1538 320 1589 forte
341 1550 462 1595 sensum,
478 1529 529 1580 nisi
543 1526 677 1599 peculiare
695 1538 750 1576 stu-

795 503 868 554 dium
884 502 925 554 his
943 504 1024 556 literis
1037 501 1185 567 addixeris,
1203 523 1311 575 parurn

792 583 924 652 jucundae,
932 584 1057 634 Romanis
1065 582 1138 635 baud
1147 584 1234 636 dubie
1243 604 1309 637 esse

796 659 945 720 debuerunt
957 665 1064 732 cognitu
1075 664 1241 734 gravissimae
1256 686 1262 714 r
1280 676 1311 715 et

797 741 842 808 qui
857 738 1076 806 delectationem,
1090 759 1147 812 qua·
1160 743 1226 795 inde
1240 747 1310 814 capi

796 829 899 888 potest,
913 821 1040 872 estimare
1050 821 1120 885 vult,
1134 835 1196 873 ante
1207 826 1309 876 omnia

797 898 860 968 ipsis
877 897 928 949 illis
946 899 1091 971 originibus
1106 915 1233 954 accurate
1251 923 1307 954 co-

796 976 968 1047 gnoscendis,
983 992 1009 1030 et
1020 979 1167 1031 enodandis
1184 1000 1306 1052 operam

798 1054 933 1125 impendat
945 1075 1051 1112 necesse
1065 1072 1112 1112 est.
1124 1060 1204 1126 Quod
1224 1061 1305 1115 idem

797 1147 826 1184 ut
838 1135 919 1185 faciat
929 1148 1001 1186 tanto
1014 1142 1097 1210 magis
1108 1141 1249 1210 interpreti
1257 1143 1304 1194 iu·

797 1213 936 1277 cumbere,
953 1229 1024 1267 recte
1037 1219 1148 1286 judices.
1171 1219 1303 1273 Succedit

799 1290 871 1344 aliud
884 1293 1031 1362 episodium
1041 1295 1074 1347 de
1083 1301 1160 1349 armis
1170 1311 1197 1350 et
1206 1299 1300 1369 clipeo

798 1371 900 1434 AEneae,
914 1371 985 1441 quod
994 1387 1019 1423 et
1027 1375 1113 1445 ipsum
1121 1375 1155 1426 ad
1161 1377 1302 1430 Romano-

798 1465 856 1498 rum
869 1447 956 1500 studia
970 1467 1153 1524 comparatum
1168 1473 1223 1508 esse
1240 1474 1302 1508 ma-

798 1527 924 1578 nifestum
936 1525 971 1577 lit.

249 1904 321 2010 Ur
332 1934 410 2000 belli
423 1935 550 2022 signum
564 1931 718 1996 Laurenti
730 1933 862 1998 Turnus
875 1933 1001 2000 abarce

249 2044 384 2123 Extulit,
399 2061 431 2108 et
442 2065 540 2106 rauco
553 2057 762 2129 strepuerunt
774 2063 896 2106 cornua
908 2058 1021 2122 cautu3

284 2231 303 2260 ι.
313 2215 346 2259 Ae
355 2211 443 2258 Zulich.
452 2205 528 2258 etrus.
539 2219 595 2273 apr.
602 2225 634 2255 m.
641 2211 727 2272 siquitem
735 2205 830 2270 tetttpr,
838 2207 976 2254 namn-2.
983 2210 1189 2271 crepueruntLeid.
1198 2219 1301 2275 stupore..

250 2295 303 2332 tunt
314 2283 382 2331 Goth.
395 2298 440 2328 sec.

288 2433 309 2468 ι,
319 2415 388 2466 Mira
399 2431 439 2464 res
451 2411 535 2464 videri
545 2412 633 2478 debet,
643 2412 747 2482 potuis-

249 2513 277 2547 se
288 2496 407 2544 Turnum
422 2493 448 2542 in
463 2491 634 2562 alienaregia
646 2490 745 2542 bellum

249 2575 393 2634 instruere,
406 2583 432 2621 et
443 2572 533 2640 copias
547 2589 650 2640 parare.
669 2569 745 2620 Talia

249 2649 471 2712 animadvertere,
489 2661 514 2699 et
531 2661 636 2718 poetam
652 2667 743 2718 repre-

248 2727 364 2782 hendere
374 2729 401 2778 in
420 2739 525 2797 promtu
537 2739 584 2777 est.
602 2726 653 2780 Sed
665 2739 744 2797 poeta

250 2807 284 2860 ad
298 2808 399 2878 priscas
417 2819 504 2857 etates
518 2805 621 2878 singula
637 2824 744 2876 compo-

248 2905 311 2938 nere
329 2898 354 2936 et
367 2884 496 2940 adornare
512 2885 622 2949 debuit,
641 2903 695 2936 nou
709 2883 744 2938 ad

249 2982 297 3018 sua
309 2983 357 3017 nec
369 2964 404 3016 ad
417 2977 508 3016 nostra
519 2976 647 3034 tempora.
662 2964 691 3013 ln
704 2981 745 3014 re·

247 3048 305 3120 gnis
325 3047 379 3098 istis
397 3046 498 3115 antiqui
516 3045 564 3094 reri
581 3062 684 3096 summa
702 3063 744 3096 re-

248 3148 307 3181 rum
320 3141 375 3180 erat
387 3127 457 3198 apud
472 3126 616 3199 populum,
636 3129 743 3196 ejusque

247 3210 423 3270 voluntatem,
433 3225 479 3258 seu
487 3207 613 3276 impetum
620 3224 746 3276 exseque-

247 3289 326 3341 batur
336 3305 388 3338 rex.
400 3285 500 3337 Bellum
512 3285 636 3336 adversus
649 3285 741 3354 Troja-

248 3387 297 3419 noe
307 3365 391 3438 plebis
404 3363 496 3415 studiis
509 3375 659 3433 susceptum
671 3375 740 3424 erat,

247 3451 376 3501 renitente
389 3447 486 3495 frustra
497 3444 589 3494 Latino
600 3465 607 3503 ;
621 3443 742 3494 tandem-

248 3548 315 3601 que,
329 3524 400 3598 quod
412 3524 552 3576 senectutis
569 3521 703 3574 infirmitas
716 3535 742 3574 et

248 3606 364 3660 solitudo
385 3603 496 3656 suadere
514 3615 634 3672 poterat,
657 3619 742 3654 rerum

248 3703 374 3740 summam
388 3699 495 3754 prorsus
503 3679 661 3751 derelinquit
672 3701 677 3730 ι
688 3681 744 3732 Nec

246 3763 325 3834 plura
338 3762 460 3834 loquutus
471 3759 561 3832 Serpsit
573 3779 598 3811 se
610 3759 693 3825 tectis,
705 3777 744 3810 ne-

248 3858 359 3911 rumqrte
369 3839 473 3910 reliquit
485 3839 595 3890 habenas
605 3840 667 3902 vn,
678 3839 743 3901 600,

248 3932 290 3982 et,
303 3935 384 3988 quum
398 3919 480 3970 Janus
491 3931 560 3970 esset
571 3916 741 3978 reserandus,

247 3998 355 4050 Latinus
362 3995 541 4068 soedorefupit
551 3996 705 4060 ministeria,
718 4009 744 4048 et

248 4075 320 4132 cocu
339 4091 365 4128 te
384 4073 500 4128 condidit
522 4075 626 4130 umbris.
648 4076 741 4146 ltaque

794 2413 898 2464 Turnus
909 2411 1050 2465 succedere
1065 2415 1091 2466 iu
1103 2427 1191 2485 partes
1202 2413 1295 2470 Latini

794 2489 902 2543 debuit:
919 2509 971 2562 quo
991 2507 1107 2543 assumto
1127 2493 1152 2543 in
1167 2495 1294 2545 carminis

794 2583 975 2641 argumentum
994 2584 1087 2621 nactus
1109 2570 1291 2647 cerberum,

793 2667 871 2718 quem
879 2661 1080 2719 ornaretpoeta,
1087 2662 1112 2700 et
1121 2652 1291 2720 qucmAEnere

793 2741 947 2798 opponeret.
959 2729 1118 2798 Principium
1125 2727 1186 2779 libri
1195 2747 1291 2799 pamm

793 2805 931 2876 splendere
945 2805 1061 2868 videtur3
1074 2820 1229 2878 repetuntur
1240 2827 1289 2875 ea,

793 2903 849 2956 quae
862 2889 918 2955 jam
935 2886 998 2936 eatis
1015 2905 1047 2937 ex
1065 2885 1133 2938 libro
1152 2890 1289 2959 superiore

794 2966 967 3018 constabant:
982 2985 1076 3018 nexum
1092 2980 1179 3019 tamen
1191 2980 1216 3020 et
1227 2987 1292 3039 pro-

793 3061 911 3116 gressum
934 3063 951 3096 a
973 3045 1153 3116 superioribus
1176 3047 1211 3100 ed
1234 3047 1291 3102 alia

792 3122 919 3194 poscebat
941 3126 1034 3176 oratio.
1056 3125 1179 3176 Narratio
1204 3141 1289 3196 poete

793 3203 913 3276 procedit
927 3223 943 3256 a
958 3223 983 3254 v.
998 3223 1015 3273 9
1027 3205 1146 3257 Mittitur
1159 3218 1185 3258 et
1197 3210 1289 3280 moqui

792 3282 907 3338 Venulus
931 3285 1063 3336 Diomedis
1085 3285 1120 3336 od
1140 3286 1235 3338 urbem.
1257 3289 1289 3340 lu

789 3361 852 3414 belli
865 3365 957 3435 signo,
974 3363 1082 3430 vexillo,
1098 3384 1128 3416 ex
1146 3385 1206 3418 arce
1224 3387 1290 3438 pro-

790 3439 895 3506 dendo,
912 3443 1060 3494 Romanum
1077 3461 1175 3496 morem
1194 3444 1290 3498 adana

790 3518 880 3571 brasse
891 3519 975 3572 videri
988 3533 1093 3591 potest,
1107 3524 1190 3594 quiin
1204 3527 1289 3576 comi-

791 3600 833 3648 tiis
846 3612 977 3669 superstes
993 3602 1104 3662 mansit,
1119 3613 1148 3652 ut
1162 3602 1288 3654 vexillu-

791 3679 817 3730 in
831 3672 1053 3740 arcetolleretur;
1068 3680 1115 3734 aed
1130 3693 1194 3751 puto
1209 3699 1288 3752 argu-

791 3757 842 3808 tius
861 3756 913 3809 hoc
930 3776 1007 3828 quarn
1024 3776 1085 3810 vere
1103 3759 1165 3811 dici.
1183 3765 1287 3832 siquam

791 3849 857 3908 puto
872 3857 920 3908 per
935 3840 993 3907 ipsu
1006 3837 1053 3890 illa
1068 3855 1166 3890 cornua
1182 3857 1218 3890 rs.
1237 3839 1286 3892 alt.

791 3917 924 3988 explicari.
935 3918 977 3970 Sic
989 3937 1046 3990 sup.
1055 3921 1115 3986 Vll,
1123 3921 1184 3972 ¹51².
1194 3921 1289 3972 Pasto-

791 3995 1288 4072 mlecanitsiqnumcomuquereottruo

793 4077 943 4132 Tartaream
956 4079 1172 4136 interditum.
