2996 4694
422 404 659 470 AENEIDOS
683 403 837 471 LIBER
860 405 900 472 V.
1142 411 1185 492 45

141 527 320 616 AEquemus
331 551 475 618 pugnas:
490 531 601 618 Erycis
613 530 673 594 tibi
684 548 775 620 terga
788 533 937 613 remitt03

138 631 236 698 Solve
249 651 419 714 metus;et
431 652 467 699 tu
479 635 641 724 Trojanos
654 659 736 701 exue
748 654 894 704 cestus.»
1139 655 1185 713 tw

140 741 221 806 Haec
234 741 333 822 fatus,
347 741 514 831 duplicem
528 767 567 808 ex
578 743 726 810 humeris
737 747 853 836 rejecit
863 747 1034 827 amictum,

139 847 181 910 Et
193 869 329 934 magnos
341 848 566 914 membrorum
577 867 684 928 anua,
699 875 816 940 magna
828 875 915 932 ossa,
928 853 1133 945 lacertosque

139 953 252 1031 Exuit,
265 969 364 1044 atque
377 956 492 1044 ingens
504 955 615 1020 media
627 957 777 1020 consistit
787 981 896 1023 arena.

138 1059 227 1122 Tum
240 1076 327 1124 satus
339 1060 482 1126 Anchisa
494 1078 603 1126 cestus
616 1077 710 1148 pater
722 1064 837 1126 extulit
850 1086 977 1150 aequos,

139 1167 183 1230 Et
193 1167 328 1255 paribus
341 1168 465 1256 palmas
477 1167 652 1232 amborum
665 1169 814 1232 innexuit
825 1171 934 1234 armis.
1143 1190 1188 1247 tas

184 1273 343 1337 Constitit
353 1274 388 1336 in
401 1271 521 1361 digitos
534 1273 698 1362 extemplo
710 1272 862 1340 adtectus
874 1292 1030 1367 uterque,

140 1379 345 1467 Brachiaque
357 1377 399 1443 ad
411 1401 547 1467 superas
560 1380 728 1444 interritus
741 1380 855 1445 extulit
866 1403 961 1448 auras
973 1407 980 1446 :

142 1483 318 1548 Abduxere
330 1500 419 1547 retro
431 1484 531 1571 longe
543 1485 649 1571 capita
661 1483 764 1549 ardua
775 1484 816 1550 ab
829 1486 914 1567 ictu;

142 1589 387 1677 inmiscentque
399 1611 517 1654 manus
529 1589 696 1669 manibus,
709 1613 922 1681 pugnamque
934 1593 1108 1664 lacessunt.

141 1695 201 1759 llle
212 1694 338 1783 pedum
350 1695 468 1760 melior
478 1711 587 1775 motu,
601 1695 773 1785 fretusque
781 1696 936 1787 juventu,
1143 1719 1189 1776 430

141 1801 205 1866 Hic
217 1800 375 1866 membris
388 1819 421 1866 et
432 1801 521 1866 mole
534 1801 664 1883 valens;
677 1801 736 1867 sed
749 1801 841 1868 tardo
853 1809 1008 1871 trementi

142 1907 258 1973 Genua
270 1907 395 1988 labant,
407 1925 516 1972 vastos
529 1911 635 1997 quatit
646 1931 734 1996 aeger
744 1907 909 1976 anhelitus
920 1929 1021 1980 artus.

173 2089 228 2146 iar.
248 2087 356 2152 uipls'cem
372 2089 466 2135 Vratisl.
483 2089 562 2152 dejecit
577 2089 667 2154 aliquot
684 2093 745 2136 Pier.
763 2103 787 2138 us
805 2093 889 2150 Witt.,
907 2093 936 2139 ab
955 2095 1051 2144 indocto
1067 2100 1189 2149 Gramma-

144 2172 206 2225 tico,
217 2169 258 2232 qui
270 2170 368 2229 primam
380 2169 404 2212 in
414 2171 501 2230 rejecit,
515 2185 557 2215 seu
567 2172 600 2213 rei
614 2170 804 2231 pronuntiando,
820 2185 861 2216 seu
875 2172 990 2232 geminata
1001 2177 1069 2222 tacite
1080 2180 1094 2238 j
1110 2177 1191 2236 lisera,

144 2239 244 2304 produci
252 2239 381 2300 ignorabat.
388 2239 477 2295 -ltnm
485 2247 549 2284 orurs
559 2253 694 2302 mequosque
703 2237 797 2286 lacertos
803 2255 864 2286 unus
872 2243 933 2287 Pier.
944 2254 967 2285 et
975 2243 1072 2290 Dorvill.
1081 2263 1108 2291 sc
1116 2249 1191 2304 wne,

145 2313 176 2358 ab
184 2309 367 2373 interpolatore,
382 2312 423 2374 qui
435 2310 610 2374 hypermetrum
622 2325 714 2356 versum
726 2326 774 2356 non
790 2311 894 2366 lerebnt;
904 2313 942 2356 cui
956 2309 996 2358 alii
1005 2317 1036 2360 sic
1047 2317 1137 2363 mederi
1148 2336 1192 2364 so-

144 2383 225 2439 luere,
236 2394 262 2428 ut
273 2397 318 2446 que
329 2385 354 2428 in
364 2383 410 2428 line
425 2381 551 2437 tollerent;
563 2398 704 2445 quamquam
715 2395 739 2428 es
750 2398 805 2428 casu
815 2383 923 2429 excidere
935 2385 1019 2446 potuit.
1033 2403 1114 2452 magna
1125 2406 1164 2436 am
1177 2389 1192 2436 Ι,

144 2455 220 2502 codes
229 2456 346 2508 Pontani,
357 2470 437 2518 nuqua
448 2470 513 2499 amru
523 2452 538 2499 l.
551 2456 628 2516 Sprot.
640 2453 686 2499 Sed
696 2469 747 2499 osse
756 2456 780 2499 in
792 2453 904 2501 athletico
920 2471 1018 2518 corpore
1031 2459 1136 2521 inprimit
1148 2478 1191 2508 no·

145 2527 226 2574 tabilia
238 2540 318 2583 erant;
330 2530 383 2591 quis
394 2527 505 2573 dubitet?
514 2525 608 2583 -413,
627 2525 788 2588 Exwlitapud
802 2525 905 2572 Macrob.
919 2528 962 2583 Vl,
975 2544 999 2584 1,
1011 2529 1053 2576 sed
1068 2532 1157 2580 Nonius
1169 2546 1193 2581 ee

145 2600 226 2661 scripti
236 2611 327 2644 servunt
337 2598 469 2662 vulgatam,
486 2609 510 2644 et
522 2599 622 2644 recurrit
634 2597 697 2644 istud
711 2613 779 2643 versu
795 2600 872 2644 statim
887 2611 1007 2661 sequente.
1024 2599 1118 2648 Scilicet
1130 2607 1194 2650 exuit

145 2679 209 2716 ortuis
219 2683 315 2716 venuste
325 2670 412 2716 dietum
422 2685 466 2732 pro
475 2667 564 2730 vulgari
573 2703 580 2724 ,
589 2671 654 2715 exuit
661 2678 745 2715 vestem
755 2669 802 2728 (sc.
813 2668 842 2714 de
852 2667 947 2714 ortubus
956 2671 970 2727 4.
981 2695 1012 2704 -
1019 2667 1073 2727 isi.
1087 2673 1143 2718 Cum
1154 2692 1191 2738 pr.

145 2741 244 2798 Moret,
260 2753 286 2787 ut
298 2756 359 2804 saepe
371 2739 401 2785 al.
409 2766 440 2776 -
450 2739 504 2795 4²5.
517 2743 615 2784 intexuit
625 2739 711 2786 Medic.
724 2755 777 2785 sm.
788 2755 840 2802 pr.;
852 2740 934 2785 vitiose
945 2738 990 2784 boc
1002 2738 1065 2786 idem
1074 2744 1098 2786 in
1115 2744 1193 2806 priore

145 2812 202 2858 edit.
215 2829 228 2858 a
241 2813 389 2876 typographis
396 2812 473 2858 fuerat
483 2824 609 2858 exaratum.
618 2810 665 2856 Sed
672 2823 718 2866 cst,
731 2811 834 2856 sisnexuit
844 2826 852 2854 :
864 2809 949 2873 dequo
961 2811 1032 2857 verbo
1041 2829 1062 2858 v.
1074 2813 1149 2859 Bentl.
1162 2813 1194 2860 ad

145 2884 226 2929 llorat.
239 2883 313 2946 Epod.
330 2899 364 2946 17,
378 2899 415 2946 7²·
425 2885 505 2928 nexuit
513 2885 591 2946 Sprot.
599 2907 630 2918 -
638 2880 691 2937 426.
701 2890 806 2945 arreptus
818 2882 897 2938 Rom,
913 2879 982 2928 solito
999 2899 1084 2929 errore.
1096 2910 1126 2920 -
1138 2885 1192 2942 428.

146 2955 269 3000 Adduxere
282 2967 327 3001 tres
338 2956 417 3001 Heius.
433 2953 566 3000 Redduxere
575 2955 710 3000 Victorinus
720 2957 768 2999 Art.
781 2955 882 2998 Gramm.
895 2951 936 2997 lib.
948 2953 959 2996 l
969 2953 1031 3015 apud
1043 2956 1135 3012 Heius,
1144 2973 1194 3004 non

145 3023 215 3070 male.
224 3025 269 3070 Sed
276 3025 397 3071 Abduxere
405 3035 464 3071 retro
471 3025 554 3071 eodem
562 3025 631 3071 redit.
641 3022 900 3089 lonquorsill.-dap.
908 3039 1018 3088 puquasq.
1026 3024 1193 3089 aliquotPier.‚

148 3107 172 3139 et
181 3093 226 3140 boe
237 3093 334 3140 decebat
350 3107 450 3158 poetam.
462 3119 494 3130 -
502 3095 556 3152 430.
569 3095 652 3158 pedum
663 3109 732 3140 eursu
743 3093 821 3140 melior
833 3096 910 3156 Sprot.
920 3109 943 3155 p.
959 3103 1019 3140 motu
1036 3111 1065 3141 m.
1083 3098 1193 3144 llottend.

148 3176 202 3228 ¹tert.
209 3188 241 3199 -
248 3163 301 3220 431.
314 3168 337 3212 ls
344 3165 447 3210 nsembris
456 3167 516 3212 Ven.
523 3191 555 3202 -
563 3165 617 3222 dis.
629 3168 708 3212 Genua
719 3166 781 3212 binis
791 3165 886 3230 syllabis
898 3167 1075 3228 pronuntiatum
1082 3183 1145 3226 esse,
1155 3184 1195 3216 no·

184 3315 233 3383 iss
244 3313 348 3380 -423-
371 3314 515 3366 Manifesta
537 3314 649 3365 imitatio
698 3315 790 3383 primis
803 3313 865 3365 loca
877 3315 999 3378 Homeri,
1020 3313 1156 3384 Apollonii
1170 3329 1197 3366 et

149 3395 203 3448 loci
223 3393 383 3446 nobilissimi
406 3390 502 3463 Odyss.
524 3411 551 3451 o,
570 3389 605 3442 65
617 3419 651 3430 -
698 3391 848 3456 Theocriti,
860 3411 942 3462 supra
954 3392 989 3444 ad
998 3411 1022 3442 v.
1034 3394 1084 3444 362
1097 3412 1197 3446 memo-

149 3477 193 3546 74.
207 3476 241 3526 cf.
250 3473 375 3545 Apollon.
385 3475 422 3538 ll,
436 3472 471 3524 30
480 3489 539 3542 sqq.
551 3473 650 3523 Versus
699 3483 766 3522 ruta.
779 3471 856 3522 Adde
874 3470 934 3522 Val.
947 3471 986 3521 Fl.
1001 3472 1054 3536 Vl,
1069 3471 1115 3522 261
1137 3491 1196 3546 sqq.

150 3556 202 3623 ias
220 3573 251 3605 ex
269 3553 394 3605 Ennianis
412 3551 486 3602 fluxit
503 3547 576 3621 apud
592 3551 651 3602 Ma·
700 3564 726 3604 et
736 3549 828 3602 Silium
838 3550 911 3614 xvi,
922 3547 1198 3619 spisqq.‚sed,cem-

151 3633 225 3688 crob.
238 3635 291 3697 Vl,
307 3651 316 3684 ι
330 3651 426 3705 meque
440 3651 494 3684 osso
509 3629 652 3703 incertique
700 3648 796 3702 parare
805 3627 884 3694 talia,
894 3629 958 3679 satis
970 3628 1196 3698 expeditsresess,

151 3709 420 3784 Apparentbominei.
433 3709 582 3784 duplicem,
595 3713 651 3763 Ηο-
700 3711 756 3761 Nos
773 3706 921 3779 virgiliana
941 3705 1033 3758 saltem
1051 3706 1198 3765 illustrabi-

152 3791 325 3850 mendatis,
345 3788 480 3859 duplicato
500 3809 604 3861 panno,
622 3801 651 3842 ut
699 3808 767 3842 mus.
787 3789 905 3840 adrectos
917 3787 944 3837 iss
957 3785 1063 3858 ds'qs'tos,
1077 3789 1116 3840 ἐπ’
1130 3794 1199 3862 dspe-

153 3872 219 3924 alibi
228 3871 345 3922 docuere
357 3870 407 3920 viri
419 3868 499 3920 docti.
513 3871 542 3920 ln
560 3889 584 3921 s.
599 3871 651 3938 4²4
699 3867 802 3922 unicium
813 3863 904 3933 uituli
914 3865 1062 3932 -rttma,
1073 3868 1197 3939 Apollon.

153 3955 251 4004 iterum
262 3949 385 4002 convenit
397 3967 458 4000 cum
469 3949 593 4018 Apollon.
613 3952 650 4016 11,
700 3951 741 4016 11,
761 3965 803 4018 9⁰·
823 3963 866 4018 9¹·
878 3963 996 4018 pupnom
1011 3944 1200 4020 lacessientpro

155 4031 186 4086 51
202 4047 260 4102 sqq.
700 4033 809 4093 ineunt,
827 4027 971 4098 exquisite,
990 4027 1100 4097 proprie
1122 4025 1201 4080 laces·

183 4111 242 4178 ,426
260 4127 318 4182 sqq.
339 4107 529 4180 Comparanda
543 4107 586 4163 lsic
607 4112 652 4166 in-
700 4128 754 4163 sere
766 4108 883 4179 aliquem
895 4125 1004 4180 pupua,
1015 4103 1199 4175 adpuquum,
