2956 4680
431 439 493 504 AD
516 437 716 504 LIBRUM
738 437 824 501 VII.
1086 447 1147 536 387

122 561 214 614 ordine
230 561 375 633 disposita:
389 579 499 632 querum
512 564 561 613 etsi
573 577 668 633 magna
679 579 740 632 pars
755 562 822 613 inter
834 559 951 614 colonias
967 565 1040 621 Albas
1055 572 1151 646 Longas

121 653 258 694 numerata
268 654 323 708 est,
335 654 423 694 tamen
435 659 471 694 eu·
487 641 528 692 his
541 643 604 711 ipsis
617 641 742 704 coloniis,
762 641 858 711 quibus
873 643 968 695 iterum
980 647 1153 719 frequentatus

121 736 167 771 seu
184 720 311 790 suppleta
330 721 448 786 fuerant,
461 721 623 788 antiquiores
636 716 741 770 credite
752 731 821 768 sunt.
834 716 934 771 Ordine
947 735 1034 775 utitem
1044 748 1154 802 geogra-

121 799 202 869 phioo
214 800 306 852 relicto
322 802 433 872 poeticis
455 799 601 851 rationibus
623 798 715 850 melius
736 798 868 849 consuluit
887 815 978 870 poesin
1000 808 1153 862 varietatem

121 880 191 929 enim
204 893 228 930 et
241 879 388 931 libertatem
402 880 429 929 in
445 878 542 930 dilectu
560 878 610 929 sibi
622 879 659 930 ita
671 877 785 947 reliquit.
798 879 957 931 Varietutern
968 883 1046 935 etiam
1059 888 1086 938 in
1102 889 1153 944 hcc

122 971 249 1028 sequutus
261 973 313 1022 est,
331 959 403 1029 quod
423 960 594 1030 Trrq'nnorum
615 958 694 1009 socios
712 957 823 1009 Arcades
840 970 866 1009 et
884 960 1004 1013 Etruscos
1025 965 1077 1016 ulio
1094 967 1154 1021 loco

122 1039 367 1091 commemorandos
386 1038 501 1106 distulit,
517 1037 630 1108 illosque
651 1035 761 1089 naribus
779 1036 902 1089 advectos
921 1043 1038 1094 narravit
1054 1046 1100 1097 inf.
1115 1051 1155 1118 X,

123 1117 173 1169 166
184 1136 259 1189 sqq.,
271 1119 316 1170 ubi
329 1120 362 1170 cl.
374 1119 445 1170 Serv.

156 1199 195 1250 De
207 1199 337 1250 Mezentio
348 1197 400 1250 ailo
412 1199 529 1249 Excursu
542 1195 592 1266 (III
605 1197 637 1248 od
650 1197 696 1249 lib.
710 1197 787 1268 VIII)
798 1197 896 1248 dicturo
908 1211 961 1251 est:
976 1213 1100 1274 tyrannus
1111 1207 1155 1262 ille

122 1278 209 1328 luerat
221 1273 332 1348 Agylla,
345 1276 417 1328 urbIs
429 1277 613 1339 Etruscorum,
631 1293 687 1345 quse
704 1277 842 1348 Pelasgica·
856 1279 963 1350 originis
981 1287 1089 1355 vestigia
1102 1307 1158 1340 ms-

123 1357 220 1408 nilesta
237 1358 387 1408 retinuerat.
403 1355 455 1408 rid.
474 1356 582 1428 Dionys.
600 1357 624 1420 I,
639 1372 680 1407 nt.
694 1355 745 1422 Qui
764 1359 896 1426 sequitur,
917 1359 1077 1430 Aventinus,
1091 1369 1157 1420 Her.

122 1433 188 1486 culis
205 1433 292 1499 filius,
312 1434 430 1486 Graecarn
448 1436 557 1506 stirpem
575 1437 658 1505 patris
676 1437 783 1486 nomine
801 1438 864 1487 sutis
875 1438 973 1508 prodit.
985 1441 1025 1492 De
1037 1461 1069 1495 eo
1084 1463 1107 1497 r.
1121 1447 1155 1500 ad

121 1532 146 1564 r.
159 1512 219 1566 655.

157 1595 312 1664 670-677.
324 1596 353 1646 In
366 1597 411 1660 iic,
424 1611 481 1666 quse
494 1593 526 1646 de
541 1593 635 1645 Tibure
645 1609 771 1647 memorat
782 1593 920 1667 Virgilius,
932 1610 1019 1668 operte
1028 1603 1157 1660 rationem

100 1692 106 1708 i
123 1675 258 1744 sequitur,
278 1691 357 1744 quarn
375 1692 457 1743 supra
476 1675 624 1744 attigimus,
638 1687 664 1726 et
676 1687 774 1725 morem
787 1675 877 1742 illurn,
891 1677 936 1746 qui
948 1681 1029 1730 veteri
1043 1681 1158 1738 historice

119 1753 261 1823 plurimum
279 1751 346 1802 labis
364 1752 509 1821 adspersit,
521 1764 550 1802 stt
563 1753 668 1803 urbium
680 1752 832 1805 Italicarum
847 1754 960 1824 origines
973 1774 989 1806 a
1001 1757 1097 1813 Graecis
1115 1784 1158 1818 re.

122 1845 249 1902 peterent.
263 1833 354 1902 Itaque
366 1830 471 1882 Tiburis
485 1833 611 1902 originem
625 1851 639 1883 e
651 1831 753 1884 Graecia
771 1831 858 1883 medio
879 1833 999 1886 nonnulli
1015 1840 1158 1908 petierunt.

121 1912 206 1964 Loctm
222 1910 361 1972 classicus,
373 1923 433 1980 post
446 1909 557 1961 Plinium
570 1911 642 1973 XVI,
664 1909 698 1976 44
710 1930 730 1961 s.
745 1913 788 1978 87,
804 1910 875 1981 apud
888 1911 1020 1980 Solinum,
1034 1918 1079 1970 ubi
1098 1940 1121 1973 c.
1143 1942 1157 1976 2

121 1989 211 2061 piures
218 1987 370 2057 huJurmodi
377 1989 481 2038 urbium
490 2005 538 2056 per
546 1985 648 2038 Italiam
657 1990 772 2058 origines
786 2003 968 2059 exponuntur,
979 2005 1051 2054 turm
1065 1999 1158 2067 Tibur,

121 2069 189 2122 sicut
197 2064 513 2135 Cutofucittestimour'um
521 2101 530 2128 ,
539 2083 555 2113 o
568 2063 662 2116 Catilio
673 2067 788 2130 Arcade,
797 2067 920 2137 praesecto
930 2067 1014 2123 classis
1024 2075 1157 2144 Evandri,-

122 2150 188 2202 sicut
199 2145 310 2208 Sextius,
321 2143 438 2214 (Sextius
448 2145 529 2214 Niger
542 2161 598 2194 esse
611 2143 725 2208 ridetur,
735 2144 818 2194 Plinio
831 2161 1003 2212 memoratus,
1018 2156 1063 2222 qui
1075 2176 1158 2226 gem

124 2227 157 2278 de
173 2225 304 2276 medicina
323 2223 440 2292 scripsit;
457 2222 509 2273 nisi
528 2219 619 2272 Sextus
639 2219 738 2274 Gellius
759 2235 810 2286 est,
830 2225 903 2291 cujus
920 2224 987 2277 liber
999 2228 1064 2297 fuit,
1076 2235 1158 2308 Origo

123 2305 207 2379 gentis
218 2301 368 2372 Romanas.)
379 2301 411 2351 ab
422 2299 674 2372 Arqiuajuuentute.
689 2300 732 2370 (et
744 2300 796 2352 hoc
809 2301 898 2372 plures
912 2303 957 2355 ulii
971 2312 1074 2377 sequuti
1087 2329 1158 2380 suut,

123 2385 194 2439 unde
207 2384 317 2434 Horatio
330 2403 336 2431 :
354 2380 439 2452 Argeo
448 2381 562 2451 positum
575 2378 667 2432 colono
679 2379 775 2450 Tibur)
790 2380 899 2434 Catilius
915 2384 985 2434 enim
999 2387 1160 2460 Amphiarai

115 2463 210 2537 filius,
218 2455 452 2533 postprudipialem
462 2459 545 2530 putris
558 2461 610 2527 (sc.
625 2471 694 2510 terre
703 2457 808 2530 hausti)
818 2461 892 2531 apud
904 2461 1001 2514 Thebas
1011 2464 1157 2538 interitum,

125 2541 219 2596 obelet
225 2541 269 2592 uvi
274 2543 361 2611 jussu,
371 2557 432 2590 cum
444 2537 518 2590 omui
518 2538 588 2608 stetu
601 2557 646 2589 ver
654 2557 755 2590 sacrum
765 2540 868 2605 missus,
882 2552 930 2592 tres
939 2539 1030 2597 liberos
1042 2547 1069 2598 in
1077 2549 1159 2603 Italia

121 2621 281 2696 procreauit,
294 2620 445 2684 Tiburtum,
459 2621 565 2683 Coram,
581 2617 704 2670 Catillum
715 2658 723 2684 ,
735 2619 783 2692 qud
795 2619 907 2690 depulsis
916 2641 947 2671 ex
956 2625 1051 2694 oppido
1060 2629 1159 2683 Sicilioe

123 2699 255 2772 (delenda
265 2699 320 2751 haec
331 2717 383 2750 rox
394 2697 429 2750 eb
440 2697 548 2749 indocto
560 2697 668 2749 homine
677 2697 790 2768 inserta)
804 2697 928 2748 ueteribus
936 2699 1036 2755 Sicanis
1045 2703 1161 2774 (Siculos

124 2778 238 2831 debebat
250 2778 346 2830 dicere.
358 2777 429 2829 conf.
442 2777 549 2848 Dionys.
560 2775 606 2826 lib.
619 2777 644 2841 I,
657 2795 679 2827 c.
697 2775 742 2846 16)
750 2795 765 2824 a
774 2775 877 2826 nomine
889 2775 991 2826 Tiburti
993 2778 1160 2848 frutrisnatu

125 2858 235 2908 maximi
246 2858 334 2908 urbem
347 2865 509 2908 uocauerunt.
523 2855 610 2921 Quum
623 2857 649 2906 in
663 2854 803 2907 condenda
814 2851 879 2906 urbe
889 2859 1054 2911 consociusse
1064 2879 1159 2932 operae

125 2955 185 2989 suas
195 2938 313 2989 ferantur
324 2937 433 2999 fratres,
446 2935 507 2986 hinc
519 2935 599 2986 modo
610 2935 729 3000 Tiburti,
740 2933 820 2985 modo
835 2932 924 2986 Catilli
934 2935 1014 2987 solius
1025 2957 1121 2992 nomeu
1132 2943 1160 2994 in

124 3015 199 3067 urbis
211 3015 310 3084 origine
323 3014 464 3063 memorari
476 3012 560 3076 solet,
579 3015 620 3062 uti
637 3012 732 3063 moenia
749 3012 827 3064 Catili
838 3031 869 3064 ex
883 3015 993 3065 Horatio
1005 3031 1067 3068 nota
1080 3033 1159 3090 sunt,

126 3105 152 3146 et
163 3091 240 3143 Silius
250 3091 323 3153 VIII,
336 3089 388 3141 366
398 3089 469 3140 Hinc
489 3090 584 3153 Tibur,
607 3087 716 3153 curtile,
737 3101 824 3152 tuum;
845 3093 915 3142 coni.
936 3093 1013 3143 eund.
1033 3097 1084 3161 IV,
1099 3099 1158 3152 225.

128 3173 247 3224 Tiburtus
257 3169 335 3221 heros
347 3170 427 3220 etiarn
441 3169 533 3221 Tiburs
545 3181 570 3220 et
585 3169 715 3221 Tiburnus
726 3169 875 3241 appellatus
887 3173 968 3224 luisse
980 3171 1091 3226 videtur.
1106 3179 1159 3230 Vo-

125 3251 195 3303 risnt
204 3251 260 3304 lere
271 3249 331 3302 libri
342 3250 368 3299 iu
381 3249 504 3313 nomine,
517 3260 546 3299 ut
559 3248 630 3319 apud
642 3262 761 3300 nostrum
771 3251 830 3314 VII,
840 3251 904 3320 671,
915 3251 967 3312 xl,
977 3251 1036 3322 519.
1050 3256 1161 3310 Tiburni

126 3329 214 3381 Iucu'm
225 3342 296 3382 certe
310 3328 382 3400 apud
395 3328 534 3379 Horatium
546 3327 715 3380 vindicarunt
727 3331 776 3380 riri
786 3329 866 3380 docti.
877 3330 908 3380 Et
922 3331 1067 3384 Tiburnum
1078 3355 1161 3407 ugno-

125 3411 163 3461 rit
174 3408 247 3461 haud
258 3409 338 3461 dubie
353 3408 450 3460 Statius
468 3409 479 3458 1
498 3406 559 3460 Silr.
574 3409 604 3473 3,
620 3409 669 3476 74,
689 3409 735 3459 ubi
746 3411 876 3480 scriptura
889 3423 990 3462 tantum
1003 3413 1071 3464 inter
1085 3416 1160 3468 Tibe-

126 3489 199 3540 rinus
214 3501 240 3540 et
258 3489 388 3542 Tiburnus
398 3490 495 3550 vuriat3
509 3501 534 3539 et
553 3487 624 3540 idem
639 3487 782 3539 Tiburrram
797 3489 902 3540 domurn
914 3490 979 3542 dixit
991 3493 1039 3559 III,
1051 3493 1111 3545 Silr.
1130 3514 1158 3556 ι,

130 3568 187 3620 183.
199 3567 336 3640 Virgilius,
349 3570 431 3620 Iratre
442 3567 555 3618 Tiburte
566 3567 600 3618 ad
614 3565 687 3618 urbis
697 3585 770 3616 novae
780 3566 930 3638 presidium
941 3567 1047 3633 relicto,
1058 3584 1158 3626 ceteros

128 3647 182 3700 duo
191 3649 285 3702 fratres
299 3648 332 3700 ad
344 3647 407 3700 belli
420 3649 573 3699 societatem
586 3647 672 3697 mittit.
684 3647 722 3697 De
732 3646 840 3698 TIburte
851 3660 960 3718 egerunt
969 3648 1088 3718 inprimis
1098 3651 1159 3705 Clu-

126 3746 180 3779 rer.
200 3729 227 3780 in
243 3727 301 3780 Ital.
317 3741 388 3793 aut,
400 3729 492 3780 Frunc.
506 3728 618 3778 Martius
630 3728 657 3776 in
669 3725 765 3778 ilistor.
782 3726 934 3792 Tiburtina,
950 3737 975 3778 et
992 3727 1051 3778 Ant.
1069 3730 1113 3781 det
1121 3733 1158 3784 lib

127 3809 155 3859 in
166 3809 273 3878 Antiqq.
281 3809 384 3859 Tiburt.
393 3807 483 3876 (Tum.
496 3808 564 3870 VIII,
575 3807 600 3857 Ρ.
612 3807 647 3857 IV
657 3805 735 3857 Thes.
748 3807 855 3878 Antiqq.
866 3806 955 3876 Ital),
968 3819 993 3860 et
1003 3826 1088 3880 nuper
1096 3811 1158 3864 Vul-

128 3889 188 3960 pius
200 3889 226 3938 in
242 3887 300 3938 Vet.
312 3888 387 3938 Latio
401 3888 514 3957 profano
528 3887 602 3937 Tum.
615 3887 647 3938 X.

162 3967 201 4018 De
214 3967 341 4018 rmeu
351 3985 375 4017 r.
389 3967 440 4035 678
452 3983 510 4037 sqq.
524 3966 641 4018 fabulam
651 3979 732 4038 poeta
743 3965 913 4018 domesticam
924 3967 1052 4036 pretulit,
1062 3967 1095 4022 de
1107 3971 1160 4023 Ca-

127 4045 203 4111 equ,
212 4064 292 4116 quum
300 4059 387 4100 temen
396 4046 429 4098 de
439 4049 495 4115 ejus
508 4046 580 4098 urbis
592 4047 736 4118 originibus
748 4065 802 4097 non
815 4049 900 4098 minus
910 4046 1159 4103 IabuioGraeeanioa

132 4139 201 4180 esses
212 4126 323 4195 tradita,
336 4146 389 4202 qua
405 4127 562 4195 Prienensi,
579 4127 678 4201 Ulyssis
689 4145 790 4200 nepos,
808 4127 895 4183 Latini
914 4125 996 4194 lilius,
1015 4129 1070 4198 ejus
1089 4129 1161 4182 urbis

940 4221 982 4277 25.
