3028 4682
430 402 665 472 AENEIDOS
688 402 843 468 LIBER
867 404 956 469 vu.
1176 401 1239 471 255

197 541 293 596 corpur
310 527 337 577 in
353 537 443 598 parter
462 526 606 580 dierectum
623 543 693 578 novo
742 524 807 590 bur,
818 526 950 598 factieque
963 524 1083 579 audacie
1094 545 1127 580 ac
1138 529 1243 580 virtuti·

194 604 317 674 exemplo
329 605 531 678 conglutinaret.
543 605 693 674 Antequam
742 603 856 658 heroice
864 605 954 675 specie
964 605 1066 658 animos
1076 606 1243 658 moventibus

196 681 232 734 ad
246 682 350 736 ltaliam
367 684 505 738 accederet
517 685 629 748 dinem,
644 685 694 734 iter
743 697 879 749 versatur,
896 685 946 736 erit
964 683 1162 738 abstinendum.
1175 687 1245 738 Nam

195 761 276 829 Troja
288 762 389 814 factum
405 777 463 816 erat
483 779 695 816 commemorari·
744 778 770 815 et
781 781 879 834 magua
892 775 932 814 ert
944 764 1062 814 omnium
1077 765 1244 830 eimiiitudo,

195 838 268 892 dnm.
293 840 372 909 Quod
391 844 418 894 in
440 843 558 894 Africum
575 841 695 894 defertur
743 857 769 896 et
782 861 983 915 magnaeorum
997 861 1060 914 pare
1080 845 1244 898 rcbuebeiio

196 918 305 984 clareia,
317 920 403 992 quod,
415 921 576 992 qunmiuno
593 919 694 972 fraudi·
742 925 823 995 gestie
839 925 1008 976 continetur:
1030 925 1152 995 inprimit
1169 928 1191 976 ri
1211 925 1245 978 de

195 996 246 1050 bue
255 996 308 1050 hoc
316 1002 370 1052 unio
377 1013 543 1073 consequuta
550 1017 605 1050 non
615 1011 693 1065 erret,
743 1005 775 1054 iir
785 1005 921 1074 queritur,
932 1021 991 1074 quae
1000 1007 1247 1076 argumenturnepi·

196 1087 227 1127 ut
240 1076 352 1130 Didonis
365 1097 454 1131 amore
471 1079 586 1132 irretitur
598 1079 694 1130 AEucar
743 1100 804 1134 cum
816 1081 989 1153 suppeditare
996 1085 1107 1153 possint.
1118 1085 1185 1134 'i'um
1195 1081 1246 1134 ire!-

196 1153 355 1229 Carthafline
365 1158 513 1223 desideret,
524 1159 619 1210 iterum
632 1174 695 1208 con·
744 1158 788 1226 lo,
803 1161 838 1214 ud
854 1165 942 1232 iprum
961 1162 1132 1214 historiarum
1148 1162 1245 1228 iidem,

196 1240 295 1290 ocensis
319 1239 430 1292 navibne
454 1238 571 1292 Siciliam
595 1235 695 1290 adeunt
743 1253 842 1311 paratae
860 1241 1103 1311 fueruntTrojania
1121 1239 1198 1292 redet
1218 1243 1246 1292 in

196 1315 322 1388 Trojani,
335 1333 362 1372 et
379 1319 442 1372 inde
458 1320 573 1390 profecti
586 1316 694 1370 tandem
743 1319 835 1380 Luti03
848 1332 875 1372 et
888 1322 983 1372 variati
996 1333 1084 1372 eunte
1095 1333 1177 1392 poeta
1194 1338 1246 1390 pu-

196 1396 300 1450 Tiberia
313 1400 382 1452 ostia
400 1397 576 1458 invehunturr
589 1415 622 1450 ea
639 1411 694 1446 om·
743 1416 855 1471 gnarum
867 1415 944 1450 carue
957 1397 1083 1459 mirificer
1096 1401 1176 1452 etiam
1190 1402 1248 1471 epi·

196 1480 241 1530 nia
257 1479 385 1532 adunam
402 1477 474 1530 illam
487 1479 619 1530 actionem
639 1493 694 1528 non
743 1477 893 1532 rodiiesuir
912 1476 1039 1530 diatincti.
1052 1478 1154 1530 Bellum
1171 1481 1247 1532 aiunt

195 1559 283 1610 minue
293 1561 439 1630 pertinent,
453 1575 533 1628 quum
547 1555 694 1608 difficulta·
745 1557 1091 1629 propterpudiam,AEneee
1108 1577 1246 1629 nunquam

196 1649 251 1702 tes,
263 1656 320 1708 qun
333 1655 443 1692 escensu
460 1639 487 1689 in
497 1637 591 1690 Latino
605 1635 696 1688 littore
744 1638 843 1701 viram,
855 1639 928 1709 geri:
942 1635 1015 1707 quod
1024 1653 1117 1688 rernm
1127 1655 1181 1688 non
1198 1649 1246 1688 eet.

194 1719 266 1770 iacto
281 1719 470 1783 suboriuntur,
486 1716 637 1788 quibusque
648 1733 695 1766 ve·
722 1736 726 1746 ‘
744 1716 851 1770 Geritnr
862 1717 963 1769 bellum
978 1717 1248 1787 ouperTrojanonrm

195 1795 308 1848 rendum
323 1809 396 1862 erat,
408 1815 442 1851 ue
455 1816 470 1850 a
483 1796 592 1848 sedibus
606 1798 633 1847 in
645 1795 695 1846 La·
743 1795 854 1850 oedibus
868 1799 895 1848 iu
908 1797 985 1848 Latio
997 1819 1003 1847 :
1016 1795 1120 1848 accedit
1134 1797 1247 1850 Lavinio

195 1876 234 1925 tio
255 1875 419 1948 occupandis
445 1888 472 1928 et
493 1893 565 1926 nora
588 1874 695 1926 colonia
743 1875 1249 1948 eonjugium,tanquampignuaioede·

195 1951 249 2006 huc
270 1953 392 2006 ducenda
409 1953 616 2025 prohiberentur
628 1953 695 2004 Tro·
744 1957 948 2008 rieoumLatino
956 1956 990 2007 de
999 1955 1041 2007 hie
1048 1956 1156 2008 redihur
1166 1957 1250 2008 inne

195 2034 251 2100 jani
264 2033 381 2084 advene.
400 2034 536 2084 invocatio
547 2033 629 2084 Mure
639 2050 694 2084 non
744 2037 782 2096 tio
790 2037 924 2088 concertio
932 2037 997 2088 facti
1005 2057 1011 2084 r
1020 2036 1079 2099 vll,
1089 2036 1140 2088 260
1149 2053 1188 2108 aq.
1197 2035 1246 2104 267

196 2129 246 2182 per
262 2130 290 2163 ae
306 2126 408 2182 purtem
427 2115 515 2183 operit
533 2113 695 2164 constituere
744 2125 802 2186 req.
810 2117 924 2168 Lavinio
932 2131 1060 2179 amorem,
1069 2113 1174 2185 qualem
1182 2133 1248 2168 nor·

197 2202 287 2260 potest
305 2209 416 2244 novam:
430 2191 477 2242 eed
495 2187 530 2242 ad
541 2187 696 2242 excitandoa
746 2205 788 2246 tra
797 2207 858 2246 etas
866 2192 1015 2263 probaque
1023 2193 1104 2244 AEnea
1112 2194 1247 2246 frurtrnin

198 2283 225 2322 et
246 2269 448 2322 inflammandos
467 2269 516 2322 tub
537 2287 639 2341 magne
658 2270 697 2320 rei
744 2271 856 2323 heroica
870 2275 926 2324 vita
936 2272 1101 2340 exspectari,
1115 2271 1169 2323 alio
1185 2272 1247 2324 ioco

198 2348 336 2401 exordium
344 2369 404 2402 cum
416 2363 512 2421 poete,
523 2361 578 2400 turn
589 2349 697 2400 lectorii
746 2353 846 2403 monui.
868 2352 969 2404 eure
997 2367 1106 2421 quoqne
1132 2365 1245 2422 parter,

198 2429 396 2482 animosvalere
406 2427 583 2497 debet.Qnod
592 2427 698 2480 divona
747 2431 839 2504 quales
855 2432 946 2482 Mario
961 2430 1088 2481 Mediocre
1106 2430 1145 2483 rei
1162 2434 1246 2486 Anuae

198 2523 260 2561 aunt
271 2529 359 2562 rerum
375 2513 402 2562 in
416 2509 457 2562 hir
470 2529 501 2562 ac
515 2508 697 2580 superioribtu
745 2512 942 2574 duatriacae,ea
953 2521 1031 2561 atate
1041 2508 1160 2562 darinon
1170 2525 1248 2582 pote·

196 2589 272 2642 libris
292 2591 485 2644 narrandarum
506 2609 623 2663 genera,
644 2589 696 2642 hoc
746 2590 1248 2659 rent.ErinmictojamcumLetinoioe·

197 2671 286 2740 ipsum
298 2670 333 2724 ud
345 2671 479 2724 varietatis
498 2687 528 2722 uc
541 2671 625 2741 copiae
640 2669 698 2722 iau·
745 2669 823 2734 dere,
833 2687 940 2722 canorae
947 2669 1011 2722 betti
1020 2669 1249 2740 niunt(Mecrobii

198 2751 259 2802 dem
271 2753 393 2822 pertinet.
407 2753 474 2819 Quis
487 2752 516 2803 iu
528 2752 643 2802 Homero
656 2767 698 2800 re·
745 2749 867 2820 exemplo
887 2750 941 2802 Sat.
964 2753 1001 2816 V,
1027 2749 1075 2820 ¹7)
1094 2753 1171 2804 nimie
1191 2771 1248 2806 esee

199 2849 307 2884 centurn
326 2833 433 2882 navium
453 2848 550 2882 novam
571 2829 697 2881 carminis
746 2828 827 2882 exiiet
843 2848 875 2881 ac
891 2843 1000 2892 tenuea;
1014 2847 1118 2884 cervam
1132 2869 1139 2894 ,
1153 2831 1248 2901 puelle

198 2923 302 2981 partem
320 2913 481 2963 constituere
500 2908 611 2973 dixerit,
631 2927 699 2978 qno-
747 2909 833 2962 Siirire
856 2909 985 2977 deliciae,
1004 2927 1068 2962 casu
1090 2928 1105 2961 a
1126 2911 1248 2982 'i'rojanit
1292 2983 1293 2986 Ἴ

199 2993 272 3042 niam
285 3003 364 3062 poete
384 2992 467 3040 Murio
480 2991 610 3041 invocatio
624 2989 699 3040 illum
748 3009 851 3044 curam.
875 2991 931 3042 Neo
957 3002 1047 3041 tamen
1076 3007 1168 3042 canera
1193 2991 1249 3044 hec

201 3069 323 3121 orditur?
339 3071 427 3140 Major
445 3086 510 3138 opus
529 3085 556 3120 re
574 3085 699 3132 movere,
748 3069 813 3122 beili
840 3069 905 3133 fuit,
926 3067 991 3132 red,
1013 3068 1177 3120 emcmbatis
1194 3073 1250 3140 jam

199 3149 320 3221 ingredi,
333 3149 397 3200 dicit
409 3160 609 3218 poetarrerum
625 3159 701 3200 nutu·
749 3151 903 3201 Latinorum
930 3151 1024 3201 animis
1055 3150 1165 3219 prima,
1196 3169 1250 3220 qua

201 3245 245 3280 rar
264 3229 424 3297 respiciens,
439 3225 511 3278 bella
530 3244 561 3277 ac
579 3243 700 3297 pugnat,
750 3241 920 3299 erumperent
935 3231 999 3294 irre,
1021 3231 1127 3280 occario
1145 3229 1198 3298 (ci.
1215 3229 1250 3281 ad

202 3307 405 3362 cumerroribur
415 3307 554 3358 maritione
564 3323 702 3375 compere-
751 3307 1012 3380 v11‚475)2eaqne
1029 3307 1064 3360 ad
1081 3310 1174 3378 prisce
1190 3310 1249 3362 vite

202 3404 260 3442 tas:
275 3389 369 3441 Dicam
386 3385 492 3438 horrido
508 3383 594 3450 bello,
606 3384 701 3436 Dicam
749 3403 851 3438 morem
861 3404 915 3438 non
926 3387 995 3440 maie
1008 3401 1198 3459 attemperata
1212 3391 1252 3440 in-

201 3469 270 3521 acies
281 3482 331 3520 etc.
345 3485 370 3518 v.
383 3467 425 3533 41.
440 3466 482 3532 4²·
751 3466 842 3535 primic
871 3467 893 3518 ri
913 3467 1018 3517 Latium
1045 3469 1145 3538 cogites
1170 3467 1249 3539 quale

245 3545 454 3619 Reprehendunt
485 3544 530 3596 aiii
564 3555 699 3616 poetam,
750 3545 797 3598 iiio
809 3559 929 3618 tempore
943 3549 1072 3617 fnit,per
1083 3550 1157 3600 ricoe
1169 3562 1196 3601 et
1210 3560 1250 3600 tu·

203 3626 277 3700 quod
295 3627 392 3678 horum
409 3644 455 3678 sex
474 3625 604 3678 librorum
623 3641 702 3695 argu·
750 3626 826 3696 gutia
837 3627 950 3696 eparcim
961 3625 1155 3693 inhabitatum,
1167 3645 1249 3698 quum

202 3721 321 3762 mentum
346 3709 416 3758 intra
442 3707 514 3759 belia
540 3725 572 3758 ac
599 3721 701 3778 pugnas
750 3723 804 3756 una
823 3704 886 3756 urbo
905 3705 1066 3756 Laurentum
1086 3719 1179 3758 erret:
1200 3711 1251 3764 etei

203 3791 355 3844 continetur
366 3811 372 3839 r
382 3787 434 3840 hac
448 3805 536 3840 rerum
552 3804 656 3857 semper
672 3803 703 3838 oc
753 3795 834 3856 poeta
843 3785 998 3836 tenuitatem
1011 3801 1099 3838 rerum
1110 3783 1252 3859 diligenter

204 3872 276 3924 idern
301 3888 384 3943 genus
413 3868 581 3920 redeuntium
610 3867 703 3932 turba,
754 3881 785 3916 ex
797 3863 881 3917 eculin
895 3863 1039 3935 legentium
1055 3867 1184 3933 removit,
1199 3888 1253 3921 res-

204 3954 278 4006 naaci
292 3952 403 4023 legentis
423 3947 537 4000 tedium.
550 3947 654 4002 Scilicet
666 3949 704 3998 eic
753 3961 806 4016 que
817 3944 876 3996 vitre
886 3942 1001 3996 heroice
1013 3962 1144 4016 pauperer
1157 3961 1185 4000 et
1195 3953 1252 4002 exi.

205 4033 241 4085 ab
253 4033 326 4084 omni
335 4030 488 4083 narratione
502 4030 597 4099 epica,
610 4029 704 4098 quaein
753 4024 791 4076 ier
805 4025 883 4096 epico
900 4023 1044 4098 eplendore
1059 4043 1161 4078 summo
1174 4047 1253 4082 ornn-

205 4114 284 4168 rebut
304 4112 385 4185 gestie
404 4111 507 4183 moguir
523 4127 555 4162 ao
573 4107 704 4162 mirabili·
753 4109 800 4159 rit.
812 4105 865 4160 Sed
885 4109 995 4160 omniuo
1009 4106 1073 4159 belli
1090 4106 1200 4162 exordia
1219 4109 1253 4162 ad
