3028 4682
418 395 653 463 AENEIDOS
675 397 832 462 LIBER
854 397 942 460 vtt.
1161 399 1223 487 257

182 516 277 586 iudicii
286 518 328 570 sui
336 535 444 572 onustes
452 523 588 592 exquirere
596 521 682 573 occul·
729 522 879 586 vestiuntur
887 522 973 572 minus
981 519 1118 575 reeordari
1127 519 1227 590 debet,

185 611 235 652 tas.
248 599 338 652 Altera
352 612 439 652 temen
454 619 485 654 ex
496 614 572 672 parte
583 603 622 665 is,
635 601 681 671 qui
730 618 852 672 magnum
869 599 947 669 hujus
964 600 1107 672 voluptatis
1124 616 1227 674 pentem

186 681 356 750 antiquorum
366 697 453 731 rerum
464 680 578 734 lectione
594 680 682 733 deiec-
730 691 848 730 nontam
861 678 894 730 nb
908 680 966 748 ipso
977 682 1109 747 carmine,
1122 699 1201 751 quam
1210 700 1227 733 a

186 771 275 823 tetur,
288 771 380 811 ettam
392 760 553 832 ingeniosos
565 772 645 830 poeta
655 771 681 812 et
730 758 856 810 doctrine
877 759 961 828 copiis
973 796 981 822 ,
1002 757 1165 813 difficuitatis
1185 779 1228 813 su·

187 838 308 890 sollerter
324 839 461 891 innumera
473 857 505 892 es
520 839 600 892 itulire
615 840 681 890 enti-
730 851 827 908 perstre
841 855 941 898 sensu,
956 839 1121 909 antiquitatis
1138 840 1227 891 studio

187 914 683 990 quitaterommodoloooposita,eta‹l
731 929 758 969 et
782 936 892 984 amore,
917 929 944 969 et
971 935 1029 989 qun
1049 917 1121 984 ulia,
1146 919 1227 991 proii-

187 993 266 1048 finem
275 995 684 1070 epioumettemperetesnimud·
731 997 804 1048 uisci.

190 1439 259 1540 Tu
272 1497 405 1564 quoque
416 1471 567 1539 litoribus
580 1474 714 1552 nostris,
728 1471 840 1538 AEneia
852 1453 976 1553 nutrix,

190 1581 357 1643 AEternem
368 1579 513 1644 moriens
525 1579 659 1658 fernam,
674 1579 798 1658 Caieta,
813 1577 949 1659 dedisti3

191 1685 232 1748 Et
244 1709 333 1751 nuno
344 1702 451 1752 servet
462 1685 569 1750 honos
581 1684 696 1751 sedem
708 1700 798 1763 tuus,
813 1707 953 1774 ossaque
965 1705 1087 1749 nomen

191 1791 350 1880 Hesperie
363 1791 396 1855 in
408 1813 540 1880 magna,
554 1792 582 1856 si
593 1813 658 1881 qun
671 1807 720 1855 est
732 1813 769 1854 ee
782 1791 898 1878 gioria,
912 1791 1027 1878 signet.

236 1899 278 1962 At
290 1898 363 1984 pius
377 1899 540 1986 exsequiis
554 1899 669 1962 AEneas
681 1898 744 1961 rite
756 1897 885 1976 solutis,
1220 1913 1233 1958 s

225 2053 341 2118 usonem
353 2057 448 2102 merim
459 2053 533 2111 oue,
544 2056 635 2118 ingrato
644 2071 709 2102 sonu.
721 2079 753 2092 -·
763 2055 785 2101 3.
798 2055 830 2100 At
840 2071 900 2101 nnnc
911 2072 947 2118 pr.
959 2055 1042 2104 Mores.
1054 2073 1067 2104 s
1077 2073 1108 2102 rn.
1119 2073 1156 2120 pr.
1168 2081 1199 2094 -
1210 2057 1234 2115 4.

193 2139 220 2171 on
229 2125 293 2171 deest
304 2127 383 2186 Puget.
393 2130 482 2188 snjmnt
493 2125 572 2171 Heius.
583 2141 596 2172 e
605 2126 691 2172 Medic.
702 2126 763 2171 Gud.
773 2137 797 2172 et
809 2124 860 2172 aliis
870 2124 959 2172 maluit.
972 2126 1017 2172 Sed
1027 2126 1134 2188 exemplo
1143 2127 1236 2188 adjecto

194 2198 243 2254 (sio
259 2195 322 2259 apud
338 2196 465 2250 Nasonem,
482 2197 572 2240 tremisso
587 2197 673 2258 signato
689 2197 760 2253 sexo)
776 2198 814 2240 vis
830 2197 884 2242 setis
900 2194 1020 2241 commode
1035 2195 1172 2251 declararit,
1188 2211 1237 2256 quo

142 2267 144 2272 ’
194 2270 265 2317 modo
281 2271 355 2331 sooipi
368 2269 394 2314 id
408 2267 487 2316 vellet.
499 2271 645 2316 Burmannus
658 2268 688 2315 sd
704 2269 813 2332 hysteron
830 2282 942 2332 proteron
957 2271 1068 2324 serus-riu
1085 2268 1148 2331 quod
1163 2267 1237 2314 muito

194 2343 272 2387 minus
280 2339 428 2386 commodum
438 2351 480 2385 est.
490 2339 602 2385 Consorte
610 2341 678 2386 etism
687 2339 770 2384 Cerda.
783 2341 806 2384 Si
815 2341 876 2384 tueri
884 2337 943 2385 tttutt
951 2337 1019 2394 selis,
1029 2337 1154 2386 dicendum
1163 2351 1237 2384 esset:

194 2427 245 2458 ossa
255 2427 298 2473 pro
311 2409 364 2456 loco
376 2409 437 2456 dicu
448 2425 509 2466 esse,
525 2425 573 2472 quo
584 2425 634 2456 ossa
646 2421 700 2456 sunt
715 2409 822 2466 condita,
832 2409 877 2458 hoc
890 2422 936 2466 est,
948 2425 991 2471 pro
1003 2408 1104 2472 tumqlo;
1119 2410 1138 2455 is
1149 2411 1238 2472 signat,

194 2483 302 2547 adeoque
309 2497 359 2529 ossa
366 2487 466 2546 sepiunt,
476 2481 545 2528 titulo
555 2481 672 2544 insculpto
680 2483 780 2546 posteris
788 2482 905 2544 produnt,
915 2495 994 2528 nomen
1002 2493 1075 2527 tuum.
1086 2483 1113 2526 At
1123 2480 1171 2526 hac
1179 2481 1237 2527 dura

193 2566 260 2610 sunt;
272 2565 362 2616 praestst
371 2551 443 2598 alters
453 2565 507 2600 snte
516 2553 637 2598 Heinsiurn
647 2551 739 2614 vulqus
748 2551 831 2607 lectio,
840 2567 910 2615 quern
920 2553 981 2596 inter
990 2562 1079 2596 ceteros
1088 2549 1180 2596 codires
1190 2551 1237 2594 flo-

194 2641 275 2672 minus
287 2625 373 2680 firmat,
383 2627 463 2689 siquos.
474 2637 500 2670 ut
512 2621 580 2670 honos
589 2633 664 2668 servat
674 2624 761 2679 sedem,
768 2626 802 2668 sic
811 2637 890 2669 nomen
900 2625 975 2685 sipont
984 2637 1046 2676 osso,
1056 2621 1080 2666 h.
1091 2635 1176 2666 nomen
1187 2621 1239 2666 ioco

192 2697 294 2745 inditum
302 2695 447 2758 sepulturam
454 2697 538 2742 Caietae
545 2695 576 2740 sd
586 2705 687 2742 nostran
696 2696 831 2741 memorien
839 2707 922 2740 serrat.
929 2693 971 2738 Ed.
980 2693 1040 2740 Ven.
1048 2693 1145 2754 repetis,
1154 2701 1237 2736 seruus.

231 2847 315 2882 r—n.
330 2829 439 2892 Coietoe',
452 2847 510 2899 qnae
526 2831 554 2880 in
569 2828 611 2880 iris
625 2828 691 2880 iocis
741 2826 827 2879 adhoc
837 2827 978 2888 memorin3
988 2843 1050 2877 narn
1059 2823 1126 2876 s'edrs
1135 2843 1185 2896 pro
1196 2843 1238 2878 se·

194 2913 318 2975 moritur,
329 2911 492 2962 memorinin
502 2909 589 2960 AEneo
598 2910 692 2961 errori·
739 2908 851 2978 pulcro,
867 2919 897 2958 ut
910 2925 934 2957 v.
954 2907 1016 2973 152,
1031 2905 1076 2956 tib.
1092 2905 1135 2956 Vl.
1156 2903 1237 2958 'sonos

194 2991 245 3042 bus
257 3008 311 3043 non
321 2990 434 3041 obseura
446 3001 519 3042 eret:
533 3002 559 3040 et
568 3007 692 3058 promon·
740 3007 789 3060 pro
801 2987 878 3038 titulo
886 2987 1035 3050 etnomine,
1044 2985 1236 3054 seuinscripto,

195 3073 258 3121 torii
268 3081 413 3141 portusque
430 3079 456 3119 et
469 3067 542 3119 urbis
554 3086 651 3120 nomen
663 3069 691 3120 in
740 3088 787 3121 seu
799 3069 870 3120 ferne
883 3065 1007 3138 vulgato:
1026 3081 1105 3134 supra
1122 3063 1174 3126 Vi,
1185 3062 1236 3134 507
1301 3105 1304 3110 .

195 3151 264 3202 Latii
280 3161 307 3202 et
323 3147 474 3218 Campsniae
491 3145 587 3198 tinibus
605 3147 639 3198 ab
658 3165 692 3199 ee
741 3166 834 3200 nomen
847 3155 873 3198 et
884 3163 958 3196 anna
973 3143 1060 3196 iocum
1072 3155 1181 3196 serrant.
1193 3145 1238 3196 At-

196 3229 306 3281 ductum
318 3227 398 3299 vulgo
409 3225 551 3278 ferebatur.
565 3227 603 3278 De
617 3225 693 3278 cate·
742 3241 827 3280 terum
846 3243 900 3278 ossa
911 3243 1007 3276 nomen
1026 3224 1129 3296 siquas,
1143 3224 1238 3277 eodeni

196 3320 259 3359 tnv.
276 3307 383 3357 Excurs.
396 3307 417 3356 1.
437 3303 521 3376 Super
536 3303 598 3357 iibri
615 3305 692 3356 initio
740 3307 796 3358 fere
813 3303 898 3367 redit;
917 3322 1013 3356 nomen
1033 3317 1073 3356 est
1090 3304 1181 3356 titulus
1197 3323 1240 3358 se·

197 3398 244 3440 eut
250 3385 360 3436 nimium
370 3382 503 3454 disjuncto
513 3401 529 3434 a
538 3383 633 3435 Miseni
643 3401 693 3434 me·
741 3385 844 3456 pulcri,
858 3383 997 3455 signetque
1012 3382 1079 3435 eden
1092 3401 1168 3448 osse,
1179 3401 1238 3454 que

196 3462 411 3528 morinV1,232
426 3462 506 3535 (unm
520 3461 555 3514 sd
570 3462 640 3516 hano
654 3481 694 3515 re·
741 3465 815 3515 ineo
832 3461 941 3514 condite
954 3474 1024 3514 sunt.
1041 3463 1167 3534 Hesperio
1182 3483 1240 3516 ma-

195 3546 282 3598 fertur
308 3553 337 3593 tu
362 3547 494 3615 quoque),
515 3555 561 3594 sut
583 3543 693 3596 nimium
739 3563 794 3617 qna
806 3541 944 3613 epitheton
956 3561 1102 3604 ornsn3v.
1117 3545 1202 3614 t‚569
1212 3557 1240 3598 et

197 3626 340 3695 conjuncto
357 3641 416 3674 oum
431 3641 507 3675 seres.
526 3622 625 3676 ultimis
634 3639 694 3694 sup.
744 3625 791 3688 Ν,
804 3623 855 3689 345
873 3621 954 3673 Italia
973 3627 1120 3695 maqnn,sr'
1134 3643 1187 3696 qua
1203 3635 1241 3677 est

197 3705 276 3770 libri,
288 3722 348 3755 ourn
363 3715 444 3754 veter.
454 3701 638 3756 Grammaticis
653 3721 695 3754 ar·
743 3719 773 3753 eo
781 3699 875 3768 glorio.
884 3703 1043 3772 interpretes
1054 3723 1070 3755 e
1079 3705 1169 3758 Servio
1176 3703 1240 3758 inde

197 3783 386 3857 guterinoiim.
744 3781 1169 3850 accipiunt,qunsidiotumsit:si
1180 3787 1238 3856 quis

235 3862 321 3929 3-4.
338 3863 488 3930 Εῄαωηυω
506 3871 591 3912 serrat
613 3859 693 3913 honos
745 3876 836 3911 sensus
849 3861 904 3926 ejus
919 3860 1009 3932 glorie
1024 3861 1059 3916 nd
1072 3865 1171 3916 inferos
1189 3877 1237 3916 ers.

199 3941 283 3996 seriem
302 3953 375 4006 tuus,
398 3939 543 4011 exquisite,
558 3958 625 4010 pro,
645 3939 694 3990 ho·
744 3941 832 3992 Bonus
842 3957 948 4002 senense
961 3943 1008 3996 sed
1020 3947 1101 3998 serbe
1115 3946 1166 3998 hoo
1181 3959 1240 3999 ten·

200 4038 250 4073 nos
270 4021 346 4074 adest
368 4020 471 4084 adhuc,
493 4031 628 4090 superest,
644 4036 696 4072 sen
745 4033 801 4070 tum
815 4019 974 4090 subjiciunt:
988 4039 1193 4098 quantocunque
1207 4045 1241 4080 se

200 4099 352 4224 retorgsedi
373 4113 440 4170 ure,
459 4098 610 4178 tumuliutui
628 4110 698 4154 estet
746 4099 830 4170 pierio
842 4099 883 4154 sit.

290 4209 297 4224 .
1034 4187 1068 4244 sp
