3028 4682
287 373 346 462 196
528 369 563 434 Ρ.
586 367 818 434 vinornrr
841 370 1072 437 Minonis

282 497 481 585 Septemque
492 517 559 559 una
570 471 633 559 sibi
645 518 740 558 muro
753 494 968 561 circumdabit
979 519 1085 577 arctae,

283 604 371 667 Felix
384 601 476 690 prole
488 603 614 664 virum:
629 599 734 689 qualis
747 603 937 691 Berecyntia
950 621 1055 667 mater

281 708 454 773 Invehitur
464 729 562 772 curru
575 704 728 795 Phrygias
742 708 856 771 turrita
868 731 929 796 per
940 708 1044 786 urbis,

282 817 370 878 Laeta
383 812 482 877 deum
495 828 604 899 partu,
618 829 751 876 centurn
764 813 923 900 conplexa
934 829 1086 901 nepotes,

282 920 397 986 Omnis
410 917 583 997 caelicolas,
596 917 704 982 omnis
717 941 835 1005 supera
846 918 910 984 alta
922 920 1074 984 tenentis.

325 1026 399 1089 Huc
412 1024 556 1111 geminas
569 1047 657 1088 nunc
670 1023 764 1089 llecte
776 1025 877 1103 acies;
890 1022 976 1089 hanc
987 1024 1121 1113 adspice
1134 1039 1281 1113 gentem,

281 1134 513 1218 Romanosque
525 1147 609 1194 tuos.
624 1129 687 1192 Hic
699 1131 820 1209 Caesar,
834 1146 867 1194 et
879 1131 985 1195 omnis
1000 1131 1063 1194 luli
1276 1159 1321 1208 79·

280 1238 471 1326 Progenies,
484 1257 639 1322 magnum
654 1236 724 1299 caeli
737 1253 874 1299 ventura
887 1235 949 1300 sub
961 1259 1065 1300 axem.

324 1345 386 1408 Hic
398 1342 461 1420 vir,
475 1340 529 1405 hic
542 1357 604 1419 est,
618 1340 678 1405 tibi
691 1364 790 1430 quem
803 1343 953 1430 promitti
965 1344 1085 1430 saepius
1098 1340 1206 1424 audis,

278 1453 443 1537 Augustus
457 1449 576 1525 Caesar,
591 1447 666 1510 Divi
678 1470 798 1534 genum
810 1470 909 1512 aurea
922 1448 1044 1512 condet

279 1554 401 1620 Saecula
414 1551 471 1641 qui
484 1573 596 1616 rursus
610 1552 717 1632 Latio,
731 1569 864 1640 regnata
876 1575 937 1641 per
948 1575 1024 1616 arva

277 1735 313 1779 De
324 1732 364 1778 hoc
373 1739 448 1776 eutem
459 1728 507 1776 ioco
517 1737 540 1774 et
555 1732 641 1792 quus
651 1737 675 1774 et
685 1728 772 1775 Probus
780 1739 893 1793 querunt.
912 1728 976 1789 Quid
985 1729 1046 1776 illud
1058 1731 1143 1786 fuerit,
1156 1729 1221 1794 quod
1228 1747 1321 1794 quaere-

278 1818 343 1860 rent,
351 1819 398 1849 non
406 1818 524 1864 assequor.
543 1804 628 1865 Proque
640 1813 717 1847 autem
730 1816 779 1848 esse
788 1800 882 1847 videtur
891 1802 1016 1863 Pompeius
1023 1801 1169 1849 historiarum
1179 1802 1323 1866 Philippice-

278 1892 330 1922 rum
342 1874 462 1928 conditor,
475 1887 545 1934 quem
552 1873 578 1916 in
588 1871 726 1934 Virgilium,
736 1873 804 1934 eujus
811 1872 860 1918 lere
867 1871 961 1934 equalis
968 1870 1038 1919 luisse
1048 1872 1132 1928 debet,
1142 1885 1322 1920 commentatum

278 1962 340 2001 esse,
350 1942 415 1990 nulle
424 1942 520 1989 aliunde
532 1956 565 1988 est
579 1945 689 2004 suspicio.
700 1943 819 1988 Laudatur
833 1942 930 2005 quidem
940 1943 1031 2004 Trogus
1046 1959 1058 1987 a
1071 1945 1151 1990 Servio
1169 1943 1198 1988 ad
1211 1944 1259 1988 AEn.
1277 1944 1322 2000 111,

281 2016 323 2063 108
330 2033 337 2071 ;
350 2017 388 2071 lV,
399 2014 436 2076 37,
448 2013 491 2060 sed
503 2030 531 2059 cx
540 2012 650 2059 historiis.
664 2015 733 2059 Forte
745 2011 790 2073 leq.
799 2013 910 2076 qutnus.
918 2011 1010 2074 —78d.
1021 2012 1164 2058 circumdedit
1172 2012 1231 2058 alter
1240 2012 1322 2058 llemb.

276 2112 308 2124 -
318 2086 370 2149 786.
389 2083 443 2129 Phr.
458 2087 516 2128 itum
526 2083 615 2130 zulich.
625 2108 657 2118 -·
665 2083 717 2145 789.
731 2081 774 2128 hue
785 2084 849 2140 flecte
860 2083 902 2128 Ge.
913 2082 1033 2129 Fabricius
1042 2082 1142 2128 malebat
1156 2095 1180 2128 et
1195 2082 1284 2138 Corde,
1295 2093 1323 2128 ut

276 2159 419 2221 repetitione
431 2157 543 2202 excitetur
553 2157 650 2202 enimus.
660 2155 706 2201 Sed
718 2167 861 2200 constantem
871 2153 984 2200 librorum
993 2153 1118 2200 lectionem
1126 2156 1242 2201 revocarit
1250 2155 1322 2200 llein·

277 2231 339 2284 sius;
350 2228 395 2273 uisi
412 2226 476 2290 quod
488 2226 587 2285 modost.
600 2242 641 2288 qu.
654 2225 739 2272 Mutet.
752 2225 807 2270 lllos
817 2227 901 2286 respice
913 2225 1003 2286 lingon.
1014 2248 1046 2258 -·
1055 2239 1110 2286 79²·
1127 2223 1158 2268 ibi
1174 2224 1266 2286 Menug.
1284 2239 1320 2286 pr.

276 2315 344 2364 quem
352 2301 452 2364 promitti
461 2297 557 2344 sibisec.
568 2298 654 2344 Moret.
663 2322 696 2332 -
706 2297 757 2358 793.
770 2297 825 2340 Divi
833 2313 855 2360 9.
867 2313 894 2342 er
907 2295 1020 2341 librorum
1030 2311 1157 2351 consensu,
1170 2312 1198 2341 ex
1212 2297 1288 2341 nuruis
1299 2307 1323 2341 et

276 2371 430 2418 marmoribus
444 2372 537 2432 copiose
549 2370 670 2414 firmarunt
687 2369 728 2414 Ge.
742 2368 831 2413 Febrie.
845 2369 905 2413 Picr.
920 2380 944 2413 et
953 2368 1032 2413 licius.
1045 2367 1109 2426 Quid
1120 2365 1249 2413 sollenniut
1265 2365 1322 2413 illo:

278 2439 476 2503 CoesarAuqustus
484 2438 696 2500 Dmifiidonnulli
705 2437 780 2500 rulqg.
790 2438 843 2484 edd.
856 2450 879 2483 et
888 2437 957 2484 codd.
967 2438 1050 2483 Diuum
1058 2453 1135 2502 qenes.
1145 2438 1220 2483 condit
1228 2437 1275 2483 duo
1283 2453 1320 2500 ap.

276 2513 355 2557 Burm.
367 2535 399 2544 -
410 2507 462 2570 794.
472 2523 571 2572 quoeap.
583 2510 687 2554 lactant.
699 2509 722 2565 Ι,
735 2509 770 2555 ι3.
783 2525 802 2554 ν.
814 2523 856 2572 per
866 2523 937 2555 ovines
946 2509 1012 2554 Rom.
1023 2517 1159 2574 reqnatuqus
1167 2509 1242 2554 Parvo
1250 2507 1320 2554 Goth.

276 2651 325 2711 dut
354 2650 433 2700 etiarn
462 2647 495 2700 dc
528 2662 629 2720 septem
661 2649 773 2702 collibus
822 2651 964 2704 verborum
984 2650 1111 2722 dignitate
1135 2648 1235 2700 extulit.
1262 2667 1322 2699 vest·

276 2729 384 2796 (Docta
399 2728 537 2796 Pomponii
554 2728 614 2780 sab.
635 2728 707 2781 adv.
723 2731 776 2799 784
824 2731 943 2782 torosuli
957 2747 1050 2794 axem,
1064 2729 1113 2780 sub
1126 2727 1233 2792 culum,
1246 2729 1273 2778 in
1285 2728 1323 2778 vi-

276 2819 340 2860 nota
353 2825 384 2859 ex
395 2808 502 2878 Dionys.
517 2807 617 2873 Helie,
632 2808 774 2861 Plutarcho
824 2822 891 2875 tam,
905 2821 934 2860 nt
943 2812 1000 2879 jam
1014 2811 1091 2861 toties
1103 2807 1217 2860 vidimus
1230 2809 1256 2859 in
1269 2806 1321 2858 hoe

276 2889 303 2938 in
315 2885 428 2938 Romulo
445 2898 471 2937 et
483 2888 560 2936 Festo
573 2887 600 2937 in
617 2887 700 2938 Romo
716 2888 775 2943 des-
823 2887 903 2940 libro.

276 2968 362 3037 cripta
370 2978 408 3018 est
416 2966 435 3035 ).
445 2993 479 3002 -
487 2963 537 3033 785
546 2993 579 3003 —
587 2966 646 3034 788.
655 2966 775 3038 Auguste
859 2987 907 3038 79²
917 2987 975 3040 sqq.
984 2970 1014 3021 ln
1022 2969 1140 3040 Augusto
1153 2986 1216 3020 vero
1226 2985 1323 3039 reprae-

274 3048 363 3116 imago
382 3043 492 3116 Cybeles
510 3062 559 3114 per
577 3043 715 3116 Phrygiam
734 3049 775 3099 in·
823 3049 988 3101 sentandose
996 3051 1083 3120 ipsum
1090 3049 1321 3119 superavitpoetu.

274 3123 418 3190 vectae(ex
428 3123 726 3195 ritusaerorum),quae
736 3141 775 3179 est
825 3131 919 3181 Pacem
943 3141 1072 3182 terrarum
1093 3130 1152 3180 orbi
1174 3128 1320 3189 redditam

274 3205 353 3258 deum
367 3205 461 3256 Mater.
478 3203 657 3256 Assimnlatur
672 3207 774 3271 Roma,
824 3209 944 3278 prolatos
957 3210 1060 3280 imperii
1079 3207 1157 3269 lines;
1176 3209 1321 3271 vaticinia,

275 3303 333 3356 quse
352 3297 392 3335 tot
405 3301 515 3355 mognos
538 3303 568 3336 ac
586 3284 690 3336 divinos
703 3288 774 3339 viros
824 3287 920 3356 quibus
937 3289 1014 3340 terris
1030 3289 1176 3359 promissus
1195 3289 1258 3348 fuit;
1278 3303 1323 3338 ex-

274 3365 342 3416 tulit.
358 3366 426 3416 Nam
436 3363 469 3415 de
479 3362 574 3415 divinis
583 3363 731 3418 honoribus
747 3369 774 3420 in
823 3365 973 3436 peditiones
992 3369 1020 3418 in
1041 3379 1124 3418 terras
1145 3366 1322 3438 longinquas,

273 3443 388 3496 Caesares
400 3443 494 3496 delatis
506 3461 561 3494 non
574 3446 669 3515 agitur.
681 3463 774 3516 supero
824 3459 850 3498 et
860 3448 955 3499 itinera
966 3447 1000 3500 ed
1009 3447 1208 3498 constituendas
1218 3447 1324 3517 provin·

273 3521 328 3574 altu
350 3531 478 3587 tenentes,
501 3523 689 3576 Homericum:
707 3521 774 3594 ὑπίρ-
824 3528 878 3578 cias
893 3528 963 3577 iniis
981 3527 1045 3596 ipsis
1057 3527 1146 3590 annis,
1160 3526 1256 3596 quibus
1266 3525 1322 3578 hue

273 3623 339 3655 aare
351 3602 440 3668 δείματ’
453 3603 550 3667 ἔχοντες.
824 3607 929 3675 scripsit
947 3605 1023 3655 Maro
1042 3601 1094 3673 (U.
1110 3603 1138 3656 C.
1160 3605 1209 3674 7³²
1224 3622 1283 3676 sqq.
1296 3623 1322 3655 v.

269 3705 271 3712 ¹
310 3683 479 3752 789-7-91.
500 3683 586 3734 Etiam
601 3681 721 3735 ordinem
733 3703 775 3736 re·
823 3684 884 3736 Vite
910 3683 1014 3756 Virgilii
1030 3683 1064 3736 ·h.
1090 3705 1113 3738 u.
1137 3686 1163 3758 )‚
1184 3697 1322 3755 snscepta;

274 3762 411 3811 eumfacit
423 3761 622 3814 admirabilem:
637 3761 709 3832 quod
722 3764 775 3834 pri·
824 3781 903 3834 quam
922 3765 1013 3835 gravia
1027 3765 1084 3818 haec
1103 3768 1192 3818 omnia
1212 3765 1324 3817 leudem

274 3855 319 3889 sno
332 3837 392 3888 loco
406 3852 510 3909 gentem
522 3840 621 3891 Juliem
634 3855 774 3908 memorat,
824 3857 993 3914 argumente,
1025 3859 1050 3898 et
1079 3865 1158 3916 quem
1183 3844 1323 3916 splendide

275 3916 389 3985 quumin
398 3917 618 3970 Marcellooratio
631 3922 725 3970 summi
736 3921 774 3972 sl·
822 3924 910 3975 verbis
933 3937 959 3976 et
979 3943 1067 3977 rerum
1093 3924 1323 3995 phantesmetibus

274 3996 360 4048 fectus
383 3993 464 4065 plena
486 3997 630 4051 substitura
651 4002 692 4050 sit.
713 4001 773 4052 Huc
823 4000 972 4055 declarate!

274 4084 393 4130 converte
415 4071 502 4128 oculos
525 4087 575 4129 etc.
602 4079 693 4132 omnia
713 4097 773 4131 cum
858 4082 917 4152 794.
937 4082 1029 4150 Latio,
1049 4081 1165 4137 debebat
1181 4084 1256 4155 sequi
1275 4101 1325 4154 per
