2968 4696
286 293 348 376 314
532 299 566 361 P.
591 298 820 377 VlllGllall
844 300 1074 364 tinitonis

286 418 440 482 Promissi
453 418 514 484 dea
526 420 610 484 lacta
621 437 753 508 potenS,
768 419 826 484 ubi
837 422 994 508 sanguine
1007 422 1132 486 bellurn

288 523 413 603 lubuit,
428 542 460 589 et
471 527 584 613 primae
596 527 749 592 conmisit
762 527 876 590 funera
890 550 1025 614 pugnae,

287 629 416 693 Deserit
429 633 636 720 Hesperiam,
650 649 696 710 et,
710 631 780 696 caeli
793 654 951 711 convexa,
965 655 1026 721 per
1036 656 1131 697 auras

288 734 453 800 lunonem
466 739 579 802 victrix
591 737 722 802 adfatur
733 759 814 802 voce
827 737 987 826 superba.

294 842 383 921 «En,
396 845 540 930 perfecta
554 843 614 907 tibi
624 842 713 907 bello
727 842 889 908 discordia
902 843 1001 922 tristi;

290 950 364 1028 Dic,
377 949 411 1014 in
422 952 597 1016 amicitiam
609 966 740 1030 coeant,
755 967 787 1014 et
800 950 922 1016 foedera
932 951 1082 1041 jungant.

288 1054 566 1144 Quandoquidem
578 1058 724 1120 Ausonio
737 1057 877 1144 respersi
890 1058 1048 1144 sanguine
1060 1059 1228 1138 Teucros,

290 1161 363 1225 Hoc
376 1162 471 1225 etiam
485 1161 536 1226 his
548 1161 680 1240 addam,
694 1179 750 1226 tua
762 1163 789 1226 si
801 1161 883 1225 mihi
895 1180 983 1228 certa
996 1163 1160 1244 voluntaS,

291 1267 316 1329 1⁴*
318 1267 459 1332 initimas
472 1269 505 1330 in
516 1267 603 1332 bella
615 1269 719 1332 feram
731 1267 918 1332 rumoribus
931 1267 1037 1348 urbia,

291 1418 337 1463 tiut
348 1419 388 1475 Ν,
404 1433 412 1463 t
426 1420 462 1464 De
472 1433 551 1482 reptio,
560 1434 638 1482 mque,
649 1422 671 1464 si
677 1417 756 1474 uellet,
768 1420 844 1464 Marte
852 1418 1094 1476 contenderet—541.
1105 1416 1195 1464 bellum.
1211 1419 1288 1466 telam
1301 1440 1352 1484 pru

291 1503 338 1533 rar.
349 1489 402 1534 lect.
412 1507 448 1552 pr.
458 1491 538 1536 llamb.
553 1507 581 1536 ea
591 1492 791 1551 interpretatione.
800 1516 832 1526 -·
842 1490 894 1546 542.
904 1507 925 1536 c.
936 1494 1042 1554 sanquine
1049 1507 1073 1552 p.
1087 1490 1156 1535 Goth.
1167 1507 1214 1536 see.
1225 1507 1256 1537 ex
1270 1507 1349 1538 ante-

291 1557 390 1604 cedente
401 1575 476 1605 versu.
487 1575 580 1606 marnam
589 1576 613 1622 p.
626 1562 688 1622 conj.
698 1559 829 1606 Markland.
840 1560 870 1606 ad
880 1563 936 1606 Stat.
947 1561 967 1603 V
977 1559 1032 1606 Sila.
1049 1575 1072 1616 1,
1088 1574 1129 1616 aa,
1144 1560 1209 1622 quod
1224 1573 1248 1606 et
1261 1563 1349 1624 iprum

291 1627 378 1674 bunum
391 1644 457 1676 esset.
467 1657 498 1666 —
511 1630 565 1687 543.
580 1630 737 1677 Memorabilia
751 1644 786 1678 est
799 1634 873 1678 Servii
887 1645 956 1678 uota:
973 1630 1072 1686 Probus,
1084 1631 1170 1693 Asper,
1184 1633 1296 1678 Doiantos
1308 1635 1317 1692 (
1327 1636 1351 1678 is

291 1708 369 1743 tamen
381 1701 496 1756 Donatus,
509 1717 578 1764 quem
590 1701 715 1756 babemus,
726 1699 822 1747 evolavit
831 1717 873 1764 per
885 1717 954 1748 aurat
965 1701 996 1746 aal
1006 1703 1129 1755 lunonem,
1139 1703 1313 1763 interpretatur
1324 1707 1348 1760 )‚

292 1767 381 1824 dicunt,
392 1769 431 1816 ltoc
442 1770 489 1818 leco
500 1789 542 1834 prr
553 1773 586 1818 bis
597 1773 762 1834 accipiendum,
775 1781 800 1818 ut
811 1772 947 1837 adloquatur
957 1775 1068 1818 Iunonem
1079 1787 1121 1832 per
1135 1770 1184 1816 caeli
1196 1785 1307 1817 contexa
1320 1783 1349 1816 et

292 1853 335 1899 per
346 1856 413 1887 aurat
427 1843 507 1906 (quod
517 1844 664 1889 dmissimutn
677 1855 749 1890 esset:
762 1848 804 1890 etsi
817 1846 951 1890 Burmanno
965 1859 1012 1889 non
1025 1841 1157 1904 displicet).
1173 1845 1250 1888 Potest
1263 1851 1349 1888 tramete

292 1909 300 1966 (
310 1921 332 1954 ct
341 1909 390 1956 bec
400 1913 483 1958 melior
491 1916 567 1972 ratio)
578 1929 625 1960 esse
634 1918 759 1978 epexeqesis
768 1931 811 1976 per
820 1931 886 1962 auras
896 1916 961 1961 idest
970 1913 1020 1960 caeli
1029 1929 1144 1968 cuntem
1156 1927 1195 1958 uec
1206 1915 1265 1957 enim
1276 1913 1349 1958 uliud

292 1988 345 2024 sunt
353 1996 423 2028 aurae.
437 1984 510 2042 (Qun
519 1996 663 2046 sequuntur,
675 1983 755 2030 adsuta
766 1999 815 2032 etse
825 1985 935 2031 videntur
943 1987 958 2044 l.
970 1985 1032 2029 Dicit
1042 1986 1109 2028 enum
1120 1983 1211 2046 quidum
1222 1998 1347 2028 commera-

292 2055 363 2097 turius
373 2068 483 2102 convecta
493 2072 540 2101 csse
550 2055 678 2120 lependum,
690 2059 752 2101 utsii
764 2059 813 2118 ipsa
825 2069 949 2111 convecta;
960 2055 1023 2119 quod
1031 2053 1123 2118 difficile
1135 2057 1157 2098 in
1169 2051 1345 2116 exemplaribus

294 2127 412 2172 inuenitur.
422 2130 576 2176 Consentiunt
586 2145 641 2176 sane
651 2145 731 2175 omues
745 2129 814 2174 codd.
828 2131 854 2173 in
867 2143 979 2183 conve-ra,
992 2128 1038 2174 nisi
1051 2126 1116 2189 quod
1129 2125 1216 2172 Medic.
1232 2141 1290 2170 arn.
1303 2141 1343 2187 pr.

293 2209 411 2252 conuersa,
425 2199 489 2260 qnod
505 2199 659 2261 Cuningbam.
675 2199 771 2262 probat,
784 2214 884 2260 cumque
896 2213 925 2244 eo
936 2197 1066 2243 Bruncltius
1076 2197 1180 2257 recepit:
1197 2209 1249 2240 meo
1265 2209 1342 2240 unsri

293 2278 363 2314 tenue
374 2281 396 2314 et
409 2269 468 2316 erile
481 2283 526 2328 ειη
543 2288 588 2319 sec.
596 2273 681 2318 llloret.
693 2286 806 2326 coarmata,
820 2272 910 2316 vitiose.
918 2270 996 2328 Quum
1004 2281 1082 2314 tamen
1093 2267 1216 2314 verborum
1225 2268 1344 2327 junctura

294 2339 374 2400 paullo
387 2342 524 2392 insolentior
537 2347 579 2400 tit,
593 2345 706 2390 Canterur
719 2359 757 2404 ap.
772 2343 852 2388 lleins.
865 2342 979 2403 conjecit:
991 2338 1042 2385 caeli
1053 2353 1153 2384 eomiexa
1164 2351 1288 2400 pernarum
1301 2335 1341 2382 vel

291 2424 422 2470 pererrarut
436 2417 490 2460 satia
499 2417 591 2476 Jejuno.
605 2415 727 2460 Musonius
740 2427 839 2459 converm
853 2427 896 2474 pro
907 2419 1012 2456 convecta
1023 2410 1112 2455 dictum
1126 2423 1175 2454 esse
1188 2406 1294 2462 volebat,
1307 2421 1341 2451 st.

293 2477 374 2524 Alecto
385 2494 447 2526 recta
458 2498 500 2542 per
508 2500 583 2529 auras.
593 2484 667 2530 Cerda
679 2499 732 2528 cum
743 2482 855 2528 Turnebo
866 2483 958 2528 Furiam
970 2496 1093 2528 convexum
1101 2479 1149 2525 dici
1158 2493 1225 2540 poste
1234 2478 1340 2540 putauit,

292 2557 319 2590 ut
329 2552 401 2593 amnt's
410 2551 508 2597 (levem
519 2552 550 2596 Ν
562 2555 603 2598 Ge.
618 2553 661 2613 ²93
674 2569 738 2615 aqq.,
751 2569 872 2614 perperam
885 2554 975 2615 utique.
987 2551 1101 2614 Equidem
1112 2549 1173 2595 bene
1185 2546 1307 2608 intelligo,
1320 2547 1340 2592 si

292 2615 362 2660 rerba
372 2618 402 2662 ad
412 2621 539 2668 naturalem
549 2623 656 2668 ordinem
666 2638 760 2669 revoces
770 2625 777 2680 (
783 2620 1075 2685 paruuras,coelicouvera
1083 2622 1103 2678 l,
1111 2617 1216 2680 expediri
1223 2615 1341 2680 quodam-

294 2686 365 2732 inodo
374 2691 474 2749 priorem
487 2709 589 2750 vorsum
599 2693 659 2740 illud
672 2706 747 2740 tamen
757 2695 862 2739 nondum
874 2709 1023 2756 concoquere
1031 2705 1124 2754 possum
1134 2706 1139 2734 t
1150 2691 1243 2734 Furiam
1251 2685 1341 2750 alloqui

293 2757 403 2803 iunonem
411 2777 453 2824 per
460 2778 536 2810 nurui.
549 2766 626 2820 Latet,
636 2779 705 2828 puto,
718 2763 792 2810 facilit
801 2764 831 2810 ad
840 2763 998 2826 indagandum
1009 2762 1095 2808 lectio:
1106 2759 1199 2823 subque
1210 2765 1284 2804 eumin
1293 2772 1340 2818 per

294 2845 373 2887 “mali
386 2845 409 2877 tt
418 2839 510 2897 peperit
516 2839 598 2884 vitium
608 2838 772 2900 compendium
782 2835 824 2882 roi
831 2853 883 2900 que.
890 2861 921 2872 -
929 2836 982 2892 545.
993 2833 1046 2880 belli
1053 2835 1076 2879 d.
1089 2835 1158 2878 tristis
1165 2831 1254 2894 aliquot
1262 2830 1340 2882 Pleu,

295 2915 347 2961 quar
358 2902 457 2964 vulgaris
470 2920 519 2952 erat
529 2911 596 2954 ratio.
611 2909 668 2967 Qum
679 2919 809 2971 sequuntur
823 2908 853 2952 ad
866 2924 943 2953 meum
956 2921 1048 2953 sentum
1060 2905 1172 2950 distinxi:
1185 2904 1258 2948 En—
1266 2901 1327 2945 tristi
1331 2919 1339 2952 ‚·

292 2969 336 3014 Dic
342 2977 478 3038 —junqant
494 2977 678 3043 Quandoquidem
687 2981 717 3024 A.
728 2996 748 3024 r.
758 2994 778 3024 s.
793 2981 890 3025 Teucros
895 3012 902 3034 ‚
913 2977 953 3024 liae
962 2979 1029 3023 etiam
1040 2973 1074 3020 liis
1083 2974 1167 3020 addam
1175 2987 1226 3036 sqq.
1237 2969 1337 3030 Vulgata

293 3042 352 3087 ratio
362 3057 411 3090 erat
421 3061 427 3090 :
439 3047 482 3092 Dic
489 3074 519 3083 -
525 3051 641 3115 Junpanr:
652 3050 837 3112 Quandoquidem
848 3051 948 3095 Ausonio
957 3049 1053 3110 respersi
1058 3046 1166 3109 sanquine
1176 3045 1280 3087 Teucros.
1288 3040 1339 3085 llos

294 3113 360 3156 enain
371 3112 404 3159 liis
412 3117 494 3162 uldam
504 3132 548 3165 etc.
557 3146 589 3155 -
602 3119 653 3178 546.
664 3123 699 3166 Sit·
709 3123 784 3182 Sprot.
798 3133 821 3165 et
830 3135 883 3182 pars
892 3120 1063 3164 Pierinnorum:
1073 3131 1117 3160 nec
1127 3111 1244 3174 displicet.
1251 3110 1338 3155 Eadem

245 3193 246 3196 ’
295 3181 414 3232 divertitur
425 3189 455 3243 V,
469 3191 520 3236 551.
533 3200 558 3236 ut
568 3201 647 3238 coeant
657 3187 705 3238 duo
715 3193 807 3246 burm,
818 3203 843 3236 ut
855 3191 908 3236 551.
916 3217 947 3226 —
955 3189 1007 3252 547.
1019 3186 1114 3247 Quando
1122 3183 1225 3248 equidem
1236 3183 1299 3227 llom¹
1307 3207 1340 3216 -

296 3250 348 3308 548·
363 3263 415 3303 lunc
423 3262 445 3304 si
455 3275 483 3304 m.
495 3277 540 3308 ster.
553 3263 679 3326 llamburg.
691 3265 720 3308 sit
732 3261 786 3309 milti
796 3263 888 3324 lllenag.
902 3275 937 3323 pr.
948 3260 1003 3306 vide
1017 3259 1056 3313 Ν,
1073 3256 1123 3301 125.
1135 3252 1239 3316 voluptas
1250 3252 1295 3298 rtrt.

295 3380 401 3450 sanauit
419 3403 501 3438 nouus
520 3387 614 3438 imbuit
631 3387 739 3457 arnan),
752 3389 792 3438 in-
841 3384 1007 3457 exemplum,
1025 3401 1078 3454 quo
1097 3379 1267 3441 imbuantur,
1284 3393 1341 3425 mo-

295 3454 479 3529 tlucebuntur,
496 3465 687 3532 trahebantur,
706 3468 793 3536 prima
841 3479 954 3520 veantur
970 3463 1004 3516 nd
1019 3460 1132 3514 similem
1146 3471 1271 3511 conatum
1284 3455 1339 3507 alii.

295 3533 367 3588 caede
383 3541 470 3607 iacto,
485 3544 518 3596 ad
534 3544 642 3598 bellurn.
660 3547 731 3598 coni.
745 3547 792 3596 inf.
843 3575 876 3584 --
890 3544 949 3609 543.
964 3561 1014 3614 per
1028 3559 1120 3604 auras,
1133 3537 1193 3590 coelt'
1207 3553 1319 3588 convexa
1328 3571 1339 3598 ,

297 3619 357 3689 547.
367 3623 477 3676 Doctius
487 3628 574 3696 ipsum
587 3625 684 3677 bellum
698 3625 796 3676 imbui«
840 3626 940 3694 junge,
954 3622 1036 3673 verbo
1051 3633 1138 3671 motus
1151 3619 1265 3679 omisso,
1277 3633 1300 3662 v.
1315 3631 1338 3664 c.

297 3709 358 3764 tur,
372 3705 533 3769 instituitur,
546 3707 682 3778 sanguine.
695 3707 733 3756 Ex
746 3723 793 3754 co·
843 3715 934 3754 evecta
953 3721 959 3750 t
979 3697 1031 3750 Sed
1044 3698 1098 3749 vid.
1111 3699 1174 3749 Vtar.
1187 3697 1258 3747 Lect.
1279 3691 1339 3758 546-

297 3781 363 3846 piis,
376 3801 434 3852 qun
446 3784 519 3855 apud
529 3784 641 3836 Cordum
651 3785 793 3848 habentur,
843 3783 915 3834 conf.
929 3780 1059 3849 316.317.
1073 3779 1125 3829 Die
1136 3816 1144 3840 ,
1157 3776 1270 3832 ironico,
1283 3785 1339 3822 tnn-

300 3877 382 3909 uuum
403 3859 455 3911 huc
473 3865 573 3914 referas
591 3865 721 3933 Propertii
743 3865 793 3928 lv,
844 3880 923 3934 qnam
934 3857 1163 3922 aliterue-548.
1176 3851 1340 3940 ltocaddatns

302 3954 350 4004 ro,
373 3938 388 3990 5
412 3941 511 3992 Imbut's
531 3941 678 4012 exetrtplum
701 3943 795 4012 primas
845 3943 872 3992 in
892 3931 1339 4010 bellofemm,1·npinm,dorltus

301 4027 352 4080 tu,
382 4018 515 4085 Romule,
538 4019 665 4090 palmae:
691 4021 794 4074 inducis
845 4012 1267 4091 quam,atlbtllumaccendam.
