2968 4696
305 343 367 421 :nt
552 345 585 404 r.
611 331 842 406 vtuuttu
865 343 1096 410 utnuouts

303 465 392 527 Tum
402 465 498 528 Pater
506 466 729 553 omnipotens,
739 464 883 555 aliquem
894 465 1081 555 indignatus
1090 468 1131 533 ab
1141 469 1276 535 umbris
1311 497 1364 546 77·

301 570 476 634 Mortalem
487 570 625 635 infernis
636 569 679 636 ad
691 571 816 635 luminu
827 593 961 659 surgere
972 574 1061 654 vitae,

302 677 377 764 lpse
390 694 593 764 repertorem
604 675 777 740 medicine
789 677 861 741 talis
874 693 907 740 et
917 679 995 742 artis

302 781 452 845 Fulmine
466 781 699 880 l’hoebigenam
710 782 835 871 Stygias
847 781 988 849 detrusit
999 784 1033 848 in
1045 783 1163 850 undas.

301 889 343 951 At
354 888 464 951 Trivia
478 887 696 976 Hippolytum
707 888 840 953 secretis
852 887 937 952 abna
949 889 1099 954 recondit

301 995 455 1071 Sedibus,
470 1011 503 1058 et
514 993 668 1082 nymphae
681 995 807 1082 Egeriae
818 995 1013 1083 nemorique
1025 996 1163 1084 relegam
1308 1013 1356 1072 775

301 1101 395 1165 Solus
408 1100 465 1164 ubi
478 1101 512 1164 in
524 1100 613 1164 silvis
626 1100 715 1164 Italis
727 1099 879 1187 ignobilis
891 1123 998 1164 aevum

298 1207 466 1295 Exigeret‚
480 1229 642 1294 versoque
655 1206 712 1269 ubi
724 1207 858 1271 nomine
871 1205 1004 1271 Virbius
1017 1225 1119 1272 esset:

301 1311 401 1376 Unde
413 1313 511 1377 etiam
523 1312 647 1399 templo
659 1312 781 1375 Triviae
791 1312 941 1401 lucisque
954 1314 1085 1377 sacratis

301 1417 504 1506 Comipedes
517 1434 670 1483 arcentur
682 1418 774 1506 equi3
787 1416 879 1506 quod
891 1417 987 1482 litore
1000 1442 1148 1497 currum,

300 1524 342 1586 Et
350 1524 509 1613 juvenem
521 1525 675 1587 monstris
690 1521 801 1610 pavidi
814 1522 965 1587 effudere
978 1525 1121 1589 marinis.
1303 1539 1354 1600 7⁸⁰

300 1628 401 1692 Filius
413 1627 557 1692 ardentis
569 1626 658 1692 baud
671 1629 777 1692 secius
790 1617 923 1717 aequore
936 1631 1043 1717 campi

301 1735 481 1800 Exercebat
492 1755 610 1824 equos,
625 1757 790 1824 curruque
804 1737 837 1798 in
849 1735 937 1800 bella
948 1736 1073 1801 ruebat.

344 1842 419 1926 Ipse
432 1840 517 1903 iuter
528 1839 652 1927 primos
664 1841 831 1927 praestanti
844 1864 983 1929 corpore
995 1842 1130 1905 Turnus

300 2021 387 2054 monet.
398 2010 425 2053 ln
433 2006 531 2056 Dorvill.
543 2020 592 2054 erat
603 2009 698 2054 Poeoru's.
708 2033 739 2044 -
749 2025 802 2071 771.
812 2009 843 2054 ad
854 2009 930 2056 limina
939 2009 1029 2072 aliquot
1038 2027 1077 2072 ap.
1089 2011 1167 2058 Bnrm.
1180 2021 1204 2055 et
1215 2008 1270 2054 edd.
1281 2007 1351 2070 apud

299 2078 398 2142 Cerdam
409 2095 414 2124 :
427 2081 468 2141 qui
481 2091 545 2124 recte
560 2090 640 2124 mouet
653 2077 737 2126 lentina
751 2082 839 2143 requiri
851 2092 948 2143 propter
961 2079 1060 2126 umbus.
1074 2105 1106 2115 —
1119 2079 1172 2143 773.
1187 2077 1350 2142 Phoebr'qemm

298 2161 362 2196 recte
370 2152 417 2212 jam
426 2147 482 2196 inde
490 2147 519 2195 ab
526 2147 595 2194 Aldd.
608 2162 741 2196 constanter
750 2149 837 2196 babent
845 2150 899 2196 edd.
908 2151 1052 2214 Poeni'pemm
1061 2151 1153 2196 Servius
1162 2151 1189 2194 iu
1196 2163 1239 2194 suo
1249 2148 1349 2204 habuit,

301 2243 311 2262 ι
321 2225 399 2268 matris
408 2236 477 2284 poeuu
484 2224 597 2283 parntem.-
606 2220 647 2266 alii
654 2221 818 2283 Phoebiqcruanr
828 2220 916 2284 loquat,
926 2231 953 2267 ut
961 2221 1055 2268 Probus.
1065 2242 1076 2262 ι
1087 2221 1158 2266 Addit
1167 2219 1266 2266 Sabinus
1274 2221 1350 2266 etiam

299 2295 459 2356 Apronianum
468 2295 499 2338 ita
507 2291 598 2354 legere:
610 2292 675 2354 qnod
687 2295 771 2346 miron
782 2308 835 2338 narn
843 2295 868 2338 in
877 2294 899 2337 M
904 2293 985 2340 ediceo
992 2295 1134 2358 Poeniqeunm
1140 2293 1254 2346 occurrit,
1264 2292 1349 2354 inepta

299 2361 383 2418 lectio,
393 2376 446 2408 nata
458 2378 486 2408 er
498 2378 576 2408 errore
589 2359 672 2408 calami
683 2379 688 2408 z
699 2359 870 2428 Phoem'qtenum,
879 2363 943 2425 quod
954 2367 979 2410 in
990 2363 1069 2410 multis
1079 2375 1120 2409 est.
1130 2363 1269 2424 Poenr'qiuuru
1277 2362 1349 2407 Rom.

300 2437 435 2499 Peniqennm
446 2432 515 2479 Gorb.
528 2445 581 2478 tert.
595 2431 752 2504 Pltoenipenam
763 2433 860 2482 Mentcl.
873 2451 908 2496 pr.
921 2435 1060 2498 Deruqmm
1068 2433 1177 2480 Rottend.
1190 2449 1235 2478 sec.
1248 2433 1284 2478 De
1295 2435 1349 2478 [Ε’-

299 2505 401 2566 culapio,
412 2503 492 2549 Phoehi
502 2503 531 2558 Ι,
542 2505 620 2549 atove
631 2505 729 2552 fulmine
739 2521 849 2568 percusso
857 2507 925 2552 obvia
936 2519 970 2552 est
978 2505 1065 2552 fabula.
1074 2507 1133 2550 'l'um
1142 2503 1348 2551 deuruitllorvill.

300 2575 332 2619 nd
346 2575 418 2636 uvidas
435 2575 500 2621 llom.
515 2573 602 2620 Medic.
618 2574 679 2620 Gud.
697 2591 752 2622 am.
765 2591 800 2640 pr.
814 2589 837 2622 et
849 2575 893 2631 al.,
911 2579 980 2622 ctiam
993 2577 1047 2622 edd.
1061 2593 1098 2639 ap.
1114 2577 1187 2628 Pice,
1203 2577 1282 2637 itaque
1295 2587 1349 2620 erat

299 2645 485 2708 preferendum,
503 2658 528 2692 ut
545 2646 588 2692 sibi
602 2657 735 2692 constarent
746 2647 855 2694 editores.
867 2673 898 2684 -—
908 2649 960 2710 776.
974 2647 1005 2693 rbi
1021 2647 1106 2693 Medic.
1123 2663 1180 2693 aur.
1195 2663 1231 2708 pr.
1245 2647 1304 2692 l'eu.
1322 2661 1348 2692 et

299 2719 383 2762 iterum
394 2734 415 2764 c.
428 2732 493 2779 sequ.
507 2734 559 2782 curn
571 2718 654 2764 llamb.
665 2717 792 2783 rquoruliilr's
804 2718 891 2766 Medic.
901 2743 932 2754 —
944 2737 997 2782 777.
1010 2733 1053 2784 que
1063 2719 1128 2765 deest
1139 2721 1200 2765 Pier.
1212 2717 1346 2781 pleritque;

299 2802 369 2852 etque
378 2791 411 2836 ita
422 2789 487 2834 malit
496 2791 593 2836 Pierius.
607 2789 704 2836 Verbius
713 2789 774 2835 Gud.
788 2803 811 2836 et
821 2790 920 2838 nowilt.
930 2809 951 2837 u.
964 2791 995 2837 ad
1003 2809 1025 2838 v.
1036 2789 1089 2852 762.
1097 2815 1128 2827 -
1136 2791 1188 2852 778.
1199 2793 1280 2835 Tn'vr'oe
1289 2799 1347 2835 tem-

298 2861 337 2924 plo
350 2860 395 2918 al.;
411 2864 478 2908 etsie
492 2861 580 2908 editum
592 2875 646 2908 ante
658 2864 718 2908 Pier.
733 2861 783 2908 bito
799 2865 825 2906 T.
840 2862 971 2928 tentpltsque
984 2863 1054 2911 Goth.
1066 2875 1120 2910 tcrt.
1132 2872 1232 2910 sacram
1246 2861 1345 2908 Dorcill.

300 2957 332 2970 ·-
345 2947 397 2994 779.
411 2931 476 2978 litora
485 2933 545 2978 Ven.
562 2931 694 2978 Markland.
704 2932 800 2978 adstat.
811 2933 821 2976 Ι
831 2933 887 2980 Silv.
897 2935 930 2991 ΙΙ,
940 2935 969 2991 45
980 2937 1043 2998 conj.
1053 2933 1118 2980 tium
1126 2937 1210 2978 cirrum
1219 2933 1271 2977 Heu
1277 2933 1346 2994 jate-

301 3019 365 3058 uem,
374 3005 439 3049 suari
453 3001 514 3048 lusu.
528 3004 588 3048 Turn
600 3019 645 3065 quo
655 3001 717 3048 litore
729 3003 819 3066 aliquot
831 3005 905 3060 Pion,
917 3019 1048 3068 perperam.
1060 3029 1092 3039 -
1103 3003 1155 3064 780.
1166 3003 1247 3066 pauide
1258 3001 1320 3047 Gud.
1333 3019 1346 3048 a

296 3091 329 3120 tn.
347 3091 381 3136 pr.
398 3072 515 3136 effundere
528 3078 551 3119 in
561 3075 631 3119 urmb
642 3073 739 3120 Doruill.
759 3073 860 3137 effudere
872 3077 896 3121 iu
909 3075 997 3122 hamis
1010 3073 1079 3121 Goth.
1097 3087 1148 3121 tert.
1164 3099 1196 3110 --
1211 3074 1263 3136 781.
1284 3071 1346 3118 lund

299 3149 387 3210 sequius
396 3159 449 3208 part
456 3146 530 3202 Pien,
539 3147 595 3190 item
605 3143 704 3190 Dorvill.
714 3158 737 3190 et
746 3146 814 3192 ll'itt.
824 3163 837 3192 a
846 3163 878 3192 m.
888 3164 923 3209 pr.
934 3163 987 3193 eum
997 3145 1067 3193 Goth.
1077 3158 1144 3203 tcrt.,
1154 3156 1267 3209 perpetua
1276 3143 1344 3191 aber-

298 3217 395 3260 ratione.
406 3212 461 3258 lrnut
471 3217 540 3258 setius
553 3214 618 3259 iloni.
624 3247 632 3270 ,
642 3230 684 3276 qno
695 3231 759 3261 more
769 3231 819 3262 suo.
831 3233 851 3262 r.
862 3216 891 3262 ad
902 3217 943 3264 Ge.
958 3217 991 3273 ll,
1005 3232 1057 3279 ²77·

296 3355 422 3408 percusso
433 3375 441 3402 ,
454 3337 532 3388 obvie
544 3351 584 3388 est
594 3339 695 3390 fabula.
709 3340 794 3392 Locus
844 3341 913 3394 alise
935 3337 1050 3412 iqnobile
1069 3358 1153 3392 oeuum
1175 3339 1295 3390 effertur.
1308 3365 1343 3376 -—

296 3411 374 3470 elnss.
391 3417 517 3486 Apollod.
537 3419 588 3482 fil,
606 3433 650 3482 ro,
668 3419 715 3471 ubi
731 3421 793 3472 Not.
843 3421 904 3489 778.
914 3421 1062 3492 Religiosns
1071 3421 1150 3491 igitur
1161 3431 1302 3480 oraturos,
1313 3429 1344 3466 ut

295 3497 529 3649 tt;;.‚¹'t';3.¹{·
543 3495 677 3640 left
695 3499 793 3644 ...ili
843 3498 1342 3651 til?.⁰.¹¹”'.t'¹‘tt1.2l;t⁶2⁸:.t⁵l.}l

296 3655 472 3708 commendat.
481 3653 533 3706 Alii
543 3653 687 3727 relcpatad
694 3675 794 3722 nemus,
843 3660 914 3729 rapti
923 3660 1067 3710 fortunuiu
1079 3657 1120 3710 hie
1128 3675 1180 3709 css.
1192 3657 1343 3708 meessitur.

295 3747 417 3808 segregat
428 3757 434 3787 ι
446 3743 477 3787 nt'
485 3737 581 3809 Geor-g.
591 3737 608 3787 Ι.
617 3739 666 3803 ΙΙΙ,
679 3755 729 3791 nra
740 3751 797 3792 teu·
843 3737 917 3790 baud
925 3738 1024 3803 serien,
1044 3739 1093 3790 etri
1106 3739 1169 3808 eqni
1184 3755 1200 3788 a
1215 3735 1276 3787 luno
1293 3753 1342 3806 pn-

296 3815 336 3866 r'os
347 3814 456 3884 procul,
473 3825 552 3888 utque
566 3817 594 3866 in
607 3815 661 3868 solu
678 3815 795 3890 releqent
842 3819 925 3869 rentir
937 3815 1110 3881 arcebantur,
1120 3813 1194 3867 baud
1205 3815 1292 3866 minus
1305 3825 1343 3864 ta-

297 3893 406 3944 Pascua.
419 3893 488 3942 'lum
503 3894 642 3965 quodidie,
656 3897 683 3948 in
695 3895 794 3949 bonam
842 3915 903 3950 rnen
914 3897 982 3950 filius
994 3915 1040 3950 eos
1055 3895 1181 3968 agitabat.

296 3983 415 4044 partem,
428 3983 521 4041 utpote
533 3975 560 4025 in
573 3991 678 4027 secessu
694 3990 719 4028 et
731 3976 794 4028 soli·
879 3976 929 4045 783
953 3993 1027 4047 seqq.
1047 3976 1086 4027 De
1104 3973 1196 4024 'furno
1218 3969 1271 4021 vid.
1295 3970 1343 4020 Ex-

295 4049 396 4116 tudine‚
410 4050 515 4121 placide
527 4051 594 4106 ndeo
605 4067 630 4108 et
642 4043 792 4126 tranquille
843 4071 951 4109 cursum
963 4056 1022 4118 ΙΙΙ,
1041 4067 1066 4108 et
1084 4052 1116 4106 de
1129 4053 1185 4119 ejus
1196 4051 1281 4121 copiis
1294 4049 1344 4102 Ex·
