3028 4682
231 249 236 284 l

281 337 342 408 232
625 337 891 408 EXCURSUS
915 333 969 408 lii

277 467 408 536 Polyxena
420 465 457 516 sic
470 461 573 515 videtur
585 464 801 532 constituendus,
813 478 842 516 ut
851 484 901 536 pro
913 459 934 515 l
943 462 985 521 nir
995 463 1096 538 legatur
1106 454 1190 522 ‘Amaia
1199 479 1225 520 et
1233 455 1323 519 altero

277 561 355 594 versu
372 543 473 593 sintice
484 543 560 605 imm
573 535 645 594 iarn
657 540 754 607 rixatione
765 541 832 610 ‘piore
847 540 977 612 Ἀχῖριιτιι
994 545 1130 611 ι’ξυπλιῖγιιι
1142 543 1237 614 ripariae
1250 544 1322 610 χὲις.

278 639 305 691 p.
323 623 400 674 1051:
415 616 463 672 sini
475 621 516 671 reri
526 622 614 689 papyris
623 625 752 686 anisceias
764 622 814 694 leg.
827 621 904 690 puppii
915 641 952 688 φ,
964 636 990 674 et
1001 643 1062 696 pag.
1075 624 1150 689 1053,
1161 625 1177 676 Ι.
1189 625 1213 678 3¹.
1225 637 1322 694 mpp-

278 696 351 759 rn'ls,
365 713 390 750 et
403 699 419 748 Ι.
432 699 447 750 5
459 695 577 764 sepirent
582 721 592 763 3
605 699 698 751 ultima
711 720 725 752 e
737 700 802 750 Cod.
814 701 910 753 Stobaei
919 701 1010 753 Escur.
1021 701 1202 774 suppeditavit
1211 701 1322 755 doctiss.

277 779 405 852 Tychseu.

563 983 927 1120 excussus
963 988 1023 1072 x.

276 1168 458 1232 Descenszrs
466 1165 514 1232 ad
522 1167 638 1252 iryims
647 1191 693 1232 an
704 1190 749 1232 en:
758 1170 858 1232 initiis
865 1167 1041 1233 Eleusiniis
1048 1171 1091 1232 sit
1098 1167 1322 1234 adumbratus.

313 1319 383 1369 Dum
392 1319 420 1369 in
432 1318 492 1370 loco
501 1316 554 1368 hoo
566 1315 730 1369 nobilissimo
741 1317 774 1369 de
785 1317 914 1370 descensu
926 1320 1014 1370 AEneae
1023 1316 1057 1370 ad
1066 1318 1323 1381 inlerosrersamnr,

279 1398 344 1459 etsi,
357 1397 427 1448 unde
438 1407 519 1466 poeta
530 1395 668 1447 materiam
681 1397 737 1464 ejus
752 1411 927 1468 ornatumque
943 1399 1063 1467 petierit,
1082 1399 1145 1448 satis
1158 1395 1323 1449 declaratum

279 1491 336 1526 esse
355 1473 475 1536 videtum
497 1486 586 1524 tamen
607 1473 798 1539 Warburtoni,
819 1476 876 1527 Viri
894 1476 1005 1539 summi,
1022 1472 1097 1526 Glari
1113 1473 1323 1524 seuclocesrria

279 1555 419 1624 Episcopi,
433 1555 564 1604 sententia
574 1554 800 1622 pretermittenda
812 1573 829 1606 a
845 1555 922 1606 nobis
936 1573 990 1605 non
1003 1567 1056 1618 est,
1075 1573 1133 1624 quae
1144 1555 1172 1604 in
1183 1553 1325 1605 Commen-

281 1634 356 1684 tariis
371 1633 403 1684 de
416 1631 497 1683 Moris
508 1633 598 1684 divina
612 1629 742 1703 lepntione
754 1632 764 1702 (
774 1633 850 1683 Tom.
864 1635 889 1697 1,
902 1632 948 1685 lib.
966 1635 1005 1698 ll,
1017 1633 1041 1685 S.
1054 1632 1101 1702 l),
1113 1631 1177 1682 olim
1189 1633 1326 1702 exposita,

279 1711 386 1782 prolixa
399 1730 505 1782 quoqne
517 1725 556 1763 est
565 1713 640 1762 Tem.
651 1712 686 1762 111
700 1711 803 1783 Virgilii
817 1713 995 1782 Wartoniani.
1008 1711 1087 1765 Redit
1096 1725 1183 1764 autem
1196 1712 1242 1763 illa
1252 1710 1324 1778 huc,

280 1790 348 1842 nihil
359 1804 388 1842 ut
400 1791 472 1844 aliud
484 1791 536 1842 hoc
547 1791 581 1842 ad
593 1792 692 1842 inferos
703 1791 831 1843 descensu
845 1794 1028 1863 representari
1042 1812 1058 1844 a
1069 1805 1151 1864 poeta
1161 1789 1322 1856 contendat,

284 1888 364 1942 qnam
381 1871 458 1922 initio
471 1873 578 1936 AEneoe,
591 1883 617 1922 et
628 1870 826 1942 descriptionem
837 1889 941 1942 pompoe
952 1869 1030 1938 (esse
1040 1871 1050 1942 )
1060 1869 1203 1922 Eleusiniis
1218 1885 1324 1933 eorum,

281 1954 327 2022 qui
340 1953 520 2016 initiarentur,
533 1953 617 2003 oculis
636 1950 753 2003 exhiberi
775 1951 866 2002 solitae.
889 1951 995 2004 Placere
1014 1963 1120 2022 poterat
1134 1946 1323 2002 doctrinahaee

191 2025 194 2040 ’
279 2032 322 2084 rel
335 2033 525 2096 novitatesun,
539 2031 580 2083 vel
597 2033 734 2102 ingeniosa
757 2032 807 2082 riri
825 2032 973 2084 doctissimi
994 2033 1180 2098 exornatione,
1200 2029 1242 2080 rel
1264 2029 1323 2098 ipsa

280 2115 336 2166 reri
355 2113 466 2177 fiducia,
484 2131 544 2164 cum
561 2130 613 2182 qua
625 2111 659 2163 ab
672 2129 703 2163 eo
717 2113 836 2182 exposita
849 2124 897 2164 est.
907 2113 1001 2182 Neque
1011 2110 1039 2162 id
1048 2111 1140 2182 negari
1150 2109 1244 2170 selim,
1255 2105 1323 2159 nihil

280 2195 389 2245 omnino
408 2195 555 2246 narrationi
575 2192 726 2261 Virgilianae
748 2211 808 2244 curu
828 2192 968 2244 Eleusiniis
990 2193 1071 2243 initiis
1091 2208 1148 2244 esse
1173 2206 1321 2242 commune.

279 2271 350 2324 Illud
367 2274 436 2324 enim
455 2289 485 2322 er
501 2270 589 2346 multis
609 2272 706 2339 passim
723 2285 842 2323 veterum
861 2270 941 2336 locis,
958 2272 1070 2322 maxime
1090 2288 1121 2322 ex
1139 2265 1325 2339 Aristophanis

280 2351 376 2413 Ranis,
389 2349 463 2412 loco,
477 2367 530 2417 quo
540 2347 637 2399 Bacchi
650 2348 684 2399 ad
698 2351 797 2401 inferos
808 2349 950 2402 descensus
963 2348 1095 2401 exhibitus
1105 2360 1160 2411 est,
1175 2344 1325 2398 Claudiano

283 2431 316 2482 de
328 2431 358 2480 R.
370 2431 490 2498 Proserp.
504 2428 551 2479 lib.
565 2429 589 2491 l,
600 2429 667 2496 619,
679 2430 811 2480 Pausania
820 2429 866 2480 lib.
875 2430 950 2498 X,p.
962 2429 1028 2498 876,
1038 2429 1192 2486 Lucianoin
1202 2423 1325 2495 Cataplo,

282 2509 428 2559 Themistio
441 2507 512 2578 apud
524 2509 565 2557 ,Ιο-
579 2507 712 2559 Stobreum
725 2521 751 2560 et
764 2508 798 2560 nl.
812 2511 875 2560 satis
888 2523 1010 2561 constare
1028 2508 1146 2574 ridetur,
1159 2510 1204 2572 iis,
1217 2509 1263 2578 qui
1279 2505 1329 2555 ini·

282 2590 425 2651 tiarentur,
454 2585 599 2656 symbolica
617 2586 706 2656 aliqua
728 2591 975 2658 repraesentatione,
1001 2589 1106 2658 piorum
1131 2588 1327 2658 impiorumque

282 2667 393 2738 praemia
406 2685 436 2717 ac
449 2683 542 2736 poenas
559 2677 620 2734 post
636 2665 705 2718 banc
717 2668 798 2719 vitam
814 2670 896 2721 fuisse
915 2671 1082 2740 propositas,
1103 2686 1198 2738 resque
1210 2666 1327 2729 inferas,

281 2749 423 2799 Tartarum
437 2763 498 2797 cunr
511 2746 614 2818 Elysio,
632 2760 804 2812 monstratas,
823 2749 916 2801 eadem
935 2750 991 2800 iere
1008 2749 1110 2819 specie,
1131 2767 1185 2818 qua
1202 2749 1229 2798 in
1253 2757 1326 2798 sexto

282 2825 400 2878 AEneidis
412 2823 480 2875 libro
498 2823 663 2876 exhibentur.
676 2825 732 2876 Etsi
742 2845 806 2878 vern
823 2826 875 2879 hoc
891 2829 1061 2880 manifestum
1078 2840 1130 2892 est,
1144 2845 1226 2898 quum
1238 2839 1326 2876 tamen

282 2902 481 2974 representatio
496 2900 542 2952 illa
553 2901 701 2970 Eleusinia,
713 2919 741 2955 ut
754 2923 785 2956 ex
796 2905 891 2957 iisdem
908 2905 973 2958 locis
990 2905 1135 2976 intelligas,
1153 2903 1188 2956 ad
1204 2904 1326 2976 vulgares

281 2983 402 3048 fabulas,
415 2980 636 3054 philosophorum
649 2987 823 3038 vetustiorum
834 2986 957 3038 doctrina
965 2989 1079 3057 primum
1090 2988 1117 3037 in
1126 2986 1254 3037 Graeciam
1264 2983 1327 3034 illa-

283 3080 340 3130 tas,
361 3075 535 3134 attemperata
556 3063 651 3128 fuerit;
670 3083 725 3117 non
743 3069 829 3120 minus
848 3066 1024 3118 demonstrari
1041 3083 1120 3138 posse
1136 3065 1200 3117 velis
1218 3081 1326 3135 quoque

281 3147 348 3211 hoc,
369 3144 507 3216 Virgilium
525 3161 579 3194 non
598 3143 706 3197 aliunde
720 3163 795 3198 suam
813 3149 958 3199 inferorum
979 3147 1099 3198 locorum
1120 3145 1327 3216 descriptionem

282 3227 405 3300 petiisse,
426 3241 539 3294 eumque
551 3223 698 3277 Eleusinias
715 3229 878 3279 ceremonias
890 3227 998 3298 vulgare
1011 3239 1057 3277 aut
1069 3225 1198 3290 voluisse,
1218 3237 1263 3276 aut
1275 3241 1327 3294 po-

281 3308 380 3373 tuisse,
393 3322 472 3375 quum
490 3323 540 3355 nec
560 3305 647 3374 ipsum
659 3305 752 3358 iisdem
766 3310 848 3359 sacris
867 3309 997 3358 initiatum
1019 3325 1076 3358 csse
1095 3317 1214 3368 constet,
1227 3323 1291 3368 nec,
1303 3306 1326 3354 si

280 3388 334 3440 hoc
346 3395 495 3449 constaret,
507 3381 568 3434 talis
579 3385 701 3456 impietas
711 3387 738 3437 in
750 3389 925 3439 castissimum
937 3397 1044 3457 poetam
1061 3384 1152 3450 cadat,
1165 3397 1195 3434 nt
1206 3401 1323 3448 arcana,

283 3467 357 3540 quod
368 3464 444 3516 nefas
454 3475 524 3526 erat,
538 3463 571 3514 ad
581 3467 709 3536 profanos
722 3468 819 3520 efferre
829 3467 950 3519 voluerit.
967 3463 1020 3516 Sed
1035 3483 1068 3516 ne
1083 3466 1109 3514 in
1125 3465 1262 3536 ingeniosa
1272 3461 1324 3514 hac

284 3545 379 3600 summi
390 3543 447 3592 Viri
459 3541 600 3613 hypothesi
613 3543 754 3596 retexenda
767 3544 962 3597 immorandum
971 3545 1019 3609 sit,
1033 3544 1117 3594 otium
1131 3543 1195 3594 iecit
1208 3543 1249 3592 vir
1258 3540 1325 3592 doc·

283 3641 325 3678 tus
337 3623 391 3694 (r),
404 3623 450 3692 qui
460 3640 518 3674 eam
530 3623 558 3672 in
572 3623 699 3694 singulari
710 3623 801 3676 libello
813 3624 823 3694 (
836 3621 944 3677 critical
956 3623 1134 3676 Observations
1150 3641 1184 3674 ort
1198 3620 1241 3673 tlre
1254 3620 1326 3672 sistis

312 3775 346 3832 (ι)
358 3773 410 3817 run
421 3773 452 3826 ir,
467 3771 604 3820 clarissimus
611 3775 717 3821 Historia
728 3776 777 3820 Ro·
824 3775 885 3832 bon,
904 3775 969 3839 1796.
984 3775 1037 3822 vot.
1051 3777 1081 3821 ΙΙ.
1097 3776 1178 3838 Nuper
1191 3774 1325 3837 ingeniosus

280 3859 354 3893 manre
374 3845 485 3887 seriorum
506 3855 635 3906 temporum
658 3845 777 3903 conditor,
826 3850 873 3904 vir,
886 3849 991 3896 Erasmus
1002 3850 1109 3904 Dnrwin,
1119 3850 1144 3893 in
1157 3849 1217 3894 notis
1228 3847 1258 3892 ad
1269 3849 1326 3892 Car·

281 3916 327 3964 Ed.
341 3910 440 3964 Gibbon,
456 3913 520 3973 quod
537 3917 586 3976 ipse
599 3915 716 3976 professus
732 3929 777 3974 est,
825 3933 880 3964 men
898 3919 1050 3976 didacticum,
1068 3917 1103 3964 tire
1118 3917 1206 3964 dotauit
1220 3917 1326 3970 Garum,

281 4003 334 4034 cum
345 3984 511 4030 memoratione
526 3985 595 4048 liujus
609 4003 710 4032 censura
724 4005 777 4034 nos·
826 3987 905 4034 nobile
920 4005 958 4036 vas
969 3990 1127 4037 Portlandium
1140 4005 1167 4035 er
1181 3987 1279 4048 Virgilio
1291 3987 1322 4032 ita

280 4071 362 4106 traezv.
373 4049 779 4106 nursinummrtsnrsdons
826 4060 989 4122 interpretatus
1011 4073 1056 4120 est,
1076 4072 1102 4107 ιιι
1119 4057 1275 4124 anaglyphum
1293 4058 1327 4104 as
