2996 4694
470 387 704 456 AEttslnos
729 389 881 454 LIBER
904 389 945 452 V.

184 516 378 604 Argolicove
390 514 472 578 mari
484 512 679 602 deprensus,
694 529 727 577 et
739 512 820 577 urbe
833 515 998 602 Mycenen

186 623 303 686 Annua
314 637 391 686 vota
402 637 512 684 tamen
525 619 749 706 sollennisque
761 616 878 682 ordine
891 639 1027 705 pompas

186 727 405 815 Exsequcrer,
417 741 644 814 strueremque
656 724 724 788 suis
736 723 850 788 altaria
861 721 967 788 donis.

186 831 281 896 Nunc
294 831 379 895 ultro
390 829 432 896 ad
445 831 571 896 cineres
584 830 687 917 ipsius
699 845 732 892 et
745 851 817 894 ossa
829 829 988 916 parentis,
1196 839 1224 884 ⁵⁵

187 935 284 1028 Haud
297 935 452 1027 equidem
463 937 534 1002 sinc
546 949 673 1012 mente,
687 955 779 1012 reor,
790 935 860 998 sine
872 935 1009 998 numine
1021 931 1147 1011 divom,

184 1039 363 1121 adsumus,
377 1058 411 1105 et
422 1057 537 1129 portus
549 1039 650 1104 delati
662 1038 820 1102 intramus
832 1040 965 1103 amicos.

185 1146 272 1234 Ergo
284 1148 384 1234 agite,
399 1163 432 1210 et
442 1146 555 1210 laetnrn
567 1142 677 1208 cuncti
690 1141 894 1206 celebremus
905 1143 1067 1207 bonorem
1079 1166 1088 1220 3

185 1253 362 1316 Possumus
374 1265 509 1329 ventos3
521 1264 620 1337 atque
632 1245 702 1312 baec
714 1269 767 1312 me
780 1269 868 1312 sacra
881 1247 1069 1336 quotannis

219 1429 255 1473 fia.
268 1424 417 1491 Arqolicoqut
433 1425 514 1471 Franc.
533 1425 650 1488 depressus
664 1426 730 1471 leid.
747 1440 787 1470 uu.
803 1436 826 1471 et
845 1425 914 1470 Gotb.
934 1439 996 1480 sec,
1015 1439 1043 1470 ex
1061 1437 1132 1468 more.
1150 1422 1181 1467 cl.
1197 1421 1229 1464 lv

187 1499 271 1559 Georg.
284 1497 336 1553 dar.
349 1498 453 1556 Mycena
465 1495 553 1542 Medic.
568 1496 629 1542 Gud.
641 1511 694 1542 cum
706 1494 757 1541 aliis
773 1495 971 1558 praetentinribnt
987 1511 1024 1557 ap.
1037 1495 1098 1540 Pier.
1113 1505 1137 1540 et
1149 1493 1228 1538 licius.

185 1571 242 1614 item
257 1569 362 1623 Servius,
380 1579 406 1614 ιιι
424 1565 501 1612 urbem
518 1568 599 1613 Pataui
611 1583 662 1630 cup.
678 1569 702 1623 l,
718 1565 769 1628 247.
788 1565 849 1622 Alii,
869 1565 911 1612 sed
929 1567 1065 1613 recentioris
1079 1575 1154 1620 now,
1170 1573 1229 1608 teate

184 1639 280 1694 licina,
292 1640 395 1698 Myrene.
408 1639 523 1684 Romanus
536 1651 559 1684 et
569 1655 581 1683 a
593 1655 629 1701 pr.
641 1655 671 1683 ni.
682 1635 722 1684 alii
732 1638 847 1696 Mycena,
859 1636 923 1700 quod
935 1637 1041 1700 placebat
1050 1637 1139 1690 Pierio,
1147 1633 1187 1680 aed
1195 1644 1230 1678 est

184 1710 287 1772 vulgare.
302 1710 407 1756 Tandem
423 1709 512 1773 aliquot
526 1712 586 1756 Pier.
600 1721 623 1756 et
635 1711 713 1756 licina.
728 1725 782 1754 cum
794 1708 899 1755 Parrbas-
911 1721 938 1760 ,ει
948 1711 1009 1756 Ven.
1025 1707 1094 1754 Goth.
1111 1721 1157 1753 tce.
1174 1705 1230 1762 My-

184 1793 254 1834 cena,
266 1779 330 1842 quod
341 1779 435 1825 Heinsio
446 1779 601 1841 probabatur,
614 1791 724 1842 tanquam
734 1779 880 1824 numerosius
892 1790 915 1824 ct
927 1779 957 1824 ad
968 1791 1043 1840 poetae
1054 1790 1143 1822 rnorem
1152 1775 1231 1819 Graeca

184 1846 256 1893 latina
268 1850 430 1895 terminatione
443 1847 558 1895 efferendi
569 1852 674 1912 propius.
685 1852 722 1895 Sic
732 1849 773 1894 inl.
785 1847 829 1910 718
840 1847 917 1894 arten
927 1850 1042 1894 Acestam.
1052 1848 1153 1892 Onwent
1161 1845 1228 1888 lieet.

185 1917 242 1980 ling·
255 1936 279 1981 p·
293 1918 338 1966 368
349 1919 412 1966 bunc
424 1919 502 1966 locunt
513 1920 593 1967 laudat
604 1934 714 1984 tanquam
726 1921 890 1967 recondentem
900 1923 1002 1984 impetus
1015 1933 1108 1973 eorum,
1123 1917 1164 1980 qui
1174 1914 1230 1959 nbi-

185 2003 233 2050 que
245 2003 270 2033 ue
281 2004 325 2050 pro
333 2004 377 2052 qua
387 1990 503 2047 inferam
518 2006 573 2036 nam
585 2005 634 2038 ctae
646 1991 780 2052 Argolicove
791 1993 914 2036 mari-et
929 1992 994 2038 urbe.
1013 1991 1097 2036 llccte:
1114 1983 1184 2032 modo
1199 1997 1230 2028 ne

186 2059 313 2105 contendas
328 2075 372 2124 qus
386 2077 435 2108 este
448 2077 493 2124 pro
505 2062 645 2123 disjunctiva
662 2061 782 2124 particula.
800 2063 845 2108 Sed
859 2077 903 2126 pro
917 2062 992 2108 tribua
1005 2073 1074 2124 poeta
1091 2058 1139 2104 duo
1154 2069 1231 2102 metn-

186 2127 227 2172 bra
240 2144 328 2191 ponere
340 2133 471 2193 putandus:
488 2133 566 2196 Syrtes
581 2131 743 2195 Argolicumre
759 2147 835 2188 mare,
858 2145 882 2178 et
899 2149 952 2180 curn
967 2133 1041 2178 altero
1057 2131 1101 2177 boc
1118 2127 1232 2191 conjungit

188 2200 269 2245 urbem
278 2201 472 2264 Mycena—53.
483 2219 528 2265 que
542 2204 606 2250 abeat
617 2219 631 2249 a
643 2204 704 2250 binis
714 2205 792 2248 Burni.
806 2219 850 2267 que
864 2220 892 2248 cx
907 2205 983 2250 ordiroe
994 2205 1053 2249 ileu.
1065 2226 1098 2238 -
1110 2199 1145 2254 56.
1158 2207 1232 2243 svn&

188 2285 261 2316 remve
280 2270 335 2316 edd.
352 2289 389 2334 ap.
403 2275 482 2318 Bur-m.
494 2299 527 2309 -
539 2275 575 2336 57.
587 2273 652 2319 dtus
665 2277 741 2337 ὅριοι.
758 2289 832 2320 aenos.
851 2275 920 2320 Gotb.
938 2286 991 2320 tert.
1004 2290 1015 2319 a
1028 2289 1058 2318 m.
1071 2285 1107 2334 pr.
1119 2293 1150 2304 -
1162 2266 1197 2313 58.
1209 2275 1233 2311 ci

190 2344 267 2385 cumei·
284 2339 362 2386 letum
377 2341 455 2405 vulgg.
474 2343 544 2388 codd.
557 2353 580 2388 et
597 2343 650 2390 edd.
662 2357 746 2406 prater
759 2344 820 2389 Pice.
836 2357 859 2390 et
876 2345 955 2389 lleint.
976 2342 1052 2388 mium
1066 2341 1152 2386 emtis
1168 2337 1231 2396 conj.

189 2409 269 2456 licina.
276 2445 284 2466 ‚
291 2411 333 2457 aed
341 2427 363 2457 v.
371 2411 424 2457 Not.
435 2413 487 2458 lion
494 2413 626 2477 iucundum
633 2413 675 2462 aed
686 2425 776 2478 gratum
785 2429 875 2461 sacrum
886 2413 1015 2476 tiguillcare
1024 2410 1082 2458 vult.
1092 2433 1124 2446 -
1131 2409 1168 2470 59.
1176 2405 1232 2452 Pot-

187 2559 296 2612 inferias
307 2573 334 2616 ct
345 2565 494 2634 parentalia
508 2566 542 2619 ab
553 2579 683 2638 apparatu
732 2567 782 2620 sibi
795 2568 936 2640 (adeoque
946 2567 1040 2618 lubens
1053 2583 1084 2616 ac
1098 2561 1230 2634 propitius

187 2638 309 2691 sacrificii
325 2641 438 2695 sollenni
457 2643 586 2716 designat.
600 2645 682 2710 -54,

187 2721 314 2788 exquisite
324 2720 551 2775 cltariastruimus
559 2762 568 2789 ‚
577 2725 685 2776 exstrui·

186 2815 262 2862 mus,
281 2799 362 2852 donis.
375 2801 463 2873 Vulgo
475 2801 581 2854 donch.
596 2823 619 2855 e.
639 2820 683 2854 sa-

188 2895 237 2929 crae
247 2896 298 2944 res,
309 2897 366 2950 qun
379 2881 541 2946 offeruntur,
550 2893 685 2934 exstruun-

189 2966 233 3006 tur
244 2957 272 3008 iu
283 2976 338 3010 cra.
356 2989 391 2999 -
401 2961 470 3026 ruis,
490 2961 517 3012 b.
532 2979 555 3013 e.
579 2959 684 3013 debitia.

190 3035 223 3084 cf.
238 3036 293 3088 lici.
306 3039 359 3103 111,
372 3039 415 3091 lia.

225 3113 258 3164 55
269 3131 308 3184 sq.
318 3117 425 3183 Quanto
437 3121 614 3190 magianum,
625 3134 685 3172 cum

190 3192 466 3259 etc.aincmente‚sine
475 3198 684 3262 numincdivom,

189 3272 246 3322 sine
258 3271 369 3322 consilio
380 3291 411 3324 ac
417 3274 554 3328 voluntate
564 3276 684 3327 deorum.

189 3349 271 3402 -58.
286 3349 426 3416 bonoram,
447 3351 554 3404 easdem
577 3355 685 3404 inferias

189 3431 216 3478 in
237 3428 368 3482 honorem
386 3429 508 3482 Anchisae
531 3427 685 3496 faciendas,

190 3505 296 3574 loentm,
307 3508 446 3576 alacriter,
456 3510 560 3564 lubenti
571 3529 602 3562 ac
611 3529 686 3581 para·

189 3601 218 3638 to
238 3591 324 3640 animo
336 3591 519 3644 celebrandas.
541 3593 628 3644 Factis
645 3593 688 3642 in·

188 3668 263 3720 feriis
275 3667 338 3720 deos
348 3689 484 3740 poscamus
497 3681 583 3724 uentos
594 3689 686 3724 secun·

191 3747 253 3809 doa;
265 3749 361 3820 atque'‚
373 3751 418 3802 ubi
434 3753 462 3804 iu
482 3765 580 3806 terram
596 3769 684 3804 mons-

733 2649 859 2720 accipiat)
868 2647 1001 2699 hoecaccra
1009 2643 1161 2716 quotannis,
1171 2651 1232 2691 tem·

731 2725 784 2798 plis
793 2727 892 2780 dicatis.
906 2725 1010 2789 Verba,
1020 2725 1159 2775 Poscamus
1171 2735 1232 2770 vcn-

734 2815 770 2858 ωε
777 2843 786 2869 ,
796 2823 820 2856 v.
833 2805 867 2874 59
877 2808 914 2858 sic
927 2807 990 2856 satia
1004 2797 1143 2856 commode
1153 2815 1234 2868 expo-

732 2885 818 2936 suisse
840 2884 976 2944 videmur3
1003 2895 1032 2934 ut
1057 2882 1107 2944 sit,
1130 2877 1232 2930 inferiis

733 2964 826 3029 lactis,
845 2977 953 3015 ventum
974 2959 1120 3014 secundum
1143 2957 1232 3018 nacti,

734 3042 769 3094 ad
777 3055 876 3095 terram
885 3045 947 3094 latis
955 3052 1130 3093 monstratam
1140 3035 1234 3088 tenda·

733 3141 806 3188 mus,
818 3123 910 3193 ibique
926 3122 1069 3192 quotannis
1092 3117 1144 3168 hoc
1162 3114 1232 3166 idem

734 3219 840 3255 sacrum
871 3205 920 3254 rite
945 3212 1104 3271 repetamus.
1129 3195 1234 3246 liabent

734 3275 1232 3352 tarncnucntialiquidalocoalienum

734 3375 796 3410 nam
815 3359 936 3412 Anchisae
956 3359 1023 3410 liunt
1045 3356 1160 3416 inferiae,
1180 3369 1234 3402 nou

734 3452 811 3488 sacra
823 3437 873 3490 diis
886 3437 1008 3490 secundae
1015 3432 1181 3503 navigationi
1190 3448 1235 3482 ex-

735 3514 863 3584 petenda.
877 3517 933 3568 Neo
957 3511 1076 3566 succedit
1093 3528 1136 3562 res
1156 3511 1233 3576 satis,

736 3597 758 3646 si
768 3613 872 3664 poscere
892 3605 980 3646 ventos
1001 3591 1131 3664 intelligas
1144 3587 1177 3642 tle
1189 3609 1233 3642 re·

734 3673 851 3746 petenda
873 3674 1061 3744 navigatione,
1083 3685 1128 3736 ut,
1142 3688 1232 3742 quem·

734 3753 880 3807 admodum
908 3751 978 3804 venti
1001 3761 1127 3803 vocantur
1152 3748 1232 3810 velis,

190 3839 286 3882 iratam
307 3833 521 3899 pervenerimus,
541 3837 683 3904 quotannis
732 3837 771 3886 sic
782 3843 964 3904 apostatatur,
975 3832 1040 3884 velis
1054 3831 1176 3902 expansis
1187 3851 1193 3880 ι
1203 3841 1234 3880 ut

190 3909 242 3978 ipsi
252 3906 301 3960 bna
310 3908 419 3960 inferias
428 3911 683 3976 instauremus;hoc
732 3917 785 3982 111,
810 3913 860 3968 253
882 3912 1015 3984 ventique
1038 3912 1134 3962 vocatis
1158 3909 1233 3960 [bitis

190 3987 277 4038 minus
303 3989 448 4060 vulgariter
476 3993 568 4044 extulit
590 4015 596 4043 ι
622 3995 685 4046 urbe
729 3991 906 4054 Italiamne
923 3987 1232 4052 lamententemvetba‚

189 4065 274 4136 posita
284 4065 347 4121 velit
354 4065 399 4120 illc
408 4067 558 4143 (Anchises)
568 4072 685 4142 mescrre

733 4088 840 4128 revocat
862 4094 922 4142 me,
940 4071 1014 4144 quod
1034 4073 1105 4124 iufra
1122 4088 1147 4120 v.
1171 4068 1231 4137 639
