3022 4682
557 364 591 425 P.
615 359 845 430 VIRGlLll
867 360 1096 434 Minonis

310 387 369 451 172

305 487 385 549 Ausi
400 507 514 550 omnes
527 485 658 548 inmane
672 484 778 562 nefas,
791 505 939 572 ausoque
951 485 1057 572 potiti.

306 591 395 670 Non,
410 591 491 656 milri
503 592 529 655 si
542 591 661 676 linguae
674 607 806 654 centum
819 592 898 668 sint,
912 614 1036 680 oraque
1049 607 1197 668 centum,
1299 601 1345 646 ὀύ

306 701 424 762 Ferrea
437 721 513 776 vox,
528 698 634 760 omnis
646 697 807 761 scelerum
821 696 1049 784 conprendere
1063 697 1199 774 formae,

304 801 423 866 Omnia
435 826 607 890 poenarum
620 825 811 890 percurrere
824 804 957 866 nomina
969 803 1102 890 possim.
1115 831 1128 860 ‚2

351 913 429 974 Haec
443 911 499 974 ubi
512 909 598 974 dicta
611 908 703 974 dedit
716 909 829 974 Phoebi
842 911 988 998 longaeva
1001 909 1172 974 sacerdos:

308 1047 321 1076 a
335 1016 397 1082 Sed
407 1019 475 1107 jam
488 1041 561 1106 age,
575 1019 784 1106 cameriam,
800 1035 831 1082 et
844 1035 1032 1106 susceptum
1045 1018 1167 1106 perfice
1178 1041 1312 1096 munus,

304 1123 552 1202 Adcelcrernu5‚
565 1125 624 1203 ait;
638 1126 819 1213 Cyclopum
832 1123 949 1190 educta
962 1125 1097 1190 caminis

1299 1137 1346 1183 630

335 1283 388 1340 6:24.
397 1300 499 1348 elisitque
506 1302 529 1348 p.
540 1283 632 1330 Vratisl.
644 1283 765 1330 uzalirh.
777 1300 788 1328 a
800 1300 830 1328 m.
843 1300 905 1340 aee,
919 1285 990 1330 lorma
1003 1300 1049 1328 non
1063 1286 1178 1330 inusitata.
1187 1307 1218 1318 -
1230 1283 1282 1345 627.
1293 1300 1346 1346 por·

303 1358 345 1400 sim
357 1371 384 1399 ex
400 1355 534 1400 melioribus
546 1367 568 1400 ct
580 1357 670 1400 ratione
680 1358 826 1415 qrammatica
839 1368 902 1400 recte
914 1356 1014 1399 restituit
1029 1355 1142 1400 Heinsius.
1155 1351 1232 1414 Vulgo
1249 1369 1344 1416 possem.

303 1451 334 1460 —
343 1425 395 1484 629.
412 1425 441 1468 Et
448 1429 496 1487 jam
508 1425 592 1470 Medic.
604 1442 643 1488 ape
655 1426 719 1470 abest
731 1442 742 1470 a
756 1425 836 1486 l‘nqet.
853 1427 895 1470 Eia
908 1440 947 1488 uqa
958 1441 977 1470 c.
991 1428 1053 1487 conj.
1067 1426 1145 1470 lleina.
1157 1449 1187 1458 -
1199 1423 1252 1468 630.
1265 1425 1315 1468 Hoc
1325 1440 1346 1468 c.

304 1493 394 1555 aliquot
405 1495 462 1538 l’ier.
476 1493 553 1538 Aderl.
566 1498 608 1540 lter
617 1497 676 1539 Ven.
689 1496 741 1538 Mor
754 1494 821 1539 ducta
834 1495 872 1540 alii
884 1513 920 1556 ap.
934 1497 994 1540 l’ier.
1008 1508 1029 1541 et
1043 1497 1134 1550 ticine,
1147 1493 1186 1539 alii
1198 1494 1307 1548 obductu,
1323 1507 1347 1539 et

303 1577 404 1627 quatuor
418 1567 499 1611 Waatii
512 1583 548 1628 ap.
562 1568 639 1612 Burm.
652 1570 749 1620 virecta,
762 1565 822 1611 forte
834 1583 877 1628 pro
889 1575 976 1620 erecta;
986 1566 1108 1612 Schrader.
1122 1569 1145 1611 in
1158 1581 1199 1611 ma.
1208 1565 1348 1627 conjiciebat

302 1638 393 1688 vineta‚·
405 1636 469 1697 qnod
479 1649 502 1681 et
514 1639 588 1698 ipsum
601 1638 662 1682 bene
674 1638 761 1682 dietum
776 1649 843 1682 esset.
857 1639 901 1681 l'ro
913 1637 980 1681 dareta
993 1639 1061 1682 etiam
1074 1636 1164 1682 laudari
1174 1647 1269 1698 possunt
1281 1635 1347 1678 Rom.

304 1715 328 1750 et
339 1703 420 1764 fragm.
432 1707 505 1751 l'atic.
517 1723 571 1752 cnm
585 1707 646 1752 Gud.

303 1839 371 1888 verit
393 1839 432 1890 tel
457 1838 604 1900 intluxerit;
633 1841 705 1911 quod
733 1841 800 1893 adeo

303 1917 437 1970 diversum
449 1919 482 1970 alr
502 1919 547 1970 illo
561 1938 617 1971 esre
634 1940 741 1972 necesse
752 1933 798 1972 est.

303 1996 425 2050 Laudant
438 2018 544 2069 qnoque
564 2002 650 2070 lntpp.
668 2001 802 2052 Ciceronis

303 2077 402 2141 locuni,
416 2081 461 2148 qui
472 2093 510 2130 est
524 2078 637 2150 Philipp.
649 2081 705 2144 xit,
717 2079 731 2132 5
741 2080 775 2131 ad
783 2083 801 2132 f.

304 2157 427 2209 Ceterum
443 2162 529 2212 inanis
547 2173 585 2210 est
603 2180 693 2212 eorum
706 2181 801 2231 opera,

305 2240 350 2308 qui
373 2253 433 2309 post
454 2239 572 2291 Serrium
592 2239 752 2308 haecomnia
769 2240 803 2292 ad

303 2332 389 2370 certas
406 2320 527 2372 homines
540 2340 570 2372 cx
586 2322 742 2390 antiquitate
762 2340 804 2372 re-

302 2399 372 2448 ferre
396 2399 544 2449 voluerunt.
575 2401 653 2450 Forte
683 2401 803 2469 sagacior

302 2475 397 2545 aliquis
413 2481 521 2528 miretur
537 2479 684 2529 libertatern
704 2482 756 2528 oria
774 2467 800 2528 iir

302 2569 395 2624 poeta,
407 2559 428 2606 si
437 2559 555 2626 Augusto
567 2576 656 2608 corant
667 2558 734 2608 lecta
746 2558 801 2608 ltaec

301 2648 421 2703 reputet:
434 2637 549 2686 vendidit
560 2635 602 2685 lic
612 2637 800 2706 rruroputriam

302 2712 491 2784 dominumque
509 2726 643 2782 potentem
660 2715 799 2784 impertiit:

301 2790 394 2840 talium
412 2795 480 2842 eninr
500 2793 637 2844 ltoininum
654 2813 735 2864 opera
750 2797 801 2844 Au·

300 2883 392 2942 gustus
403 2891 509 2944 quoque
524 2892 619 2944 magna
631 2893 662 2926 ex
676 2887 751 2945 parte
763 2894 802 2926 re·

300 2969 358 3002 rurn
383 2967 477 3022 potens
499 2956 583 3004 lactus
602 2969 658 3006 erat
678 2977 684 3004 :
710 2973 801 3006 verum

299 3036 434 3105 Augustus
456 3039 580 3106 princeps
598 3037 662 3107 reip.
681 3035 801 3088 habeba·

301 3125 357 3176 tur,
372 3133 425 3164 uon
437 3113 569 3166 dominns.

336 3193 387 3246 625
398 3213 455 3265 sqq.
476 3196 510 3246 lla
520 3195 594 3246 iliad.
606 3197 637 3256 st,
650 3196 701 3261 488
719 3199 801 3248 notis·

299 3277 366 3328 simo
375 3275 444 3326 loco.
456 3277 526 3326 conf.
539 3278 636 3348 Georg.
649 3279 687 3338 ll,
703 3278 751 3328 103
759 3295 798 3347 sq.

300 3357 433 3406 Praeivisse
455 3357 560 3406 Maroni
579 3357 605 3406 iu
625 3357 712 3408 verbis
733 3359 801 3408 llos-

299 3434 365 3486 tium
374 3449 480 3506 portam
489 3437 515 3487 in
527 3437 572 3488 lib.
584 3439 613 3486 ll.
623 3437 686 3488 belli
694 3439 800 3488 llistrici

300 3513 423 3566 observat
443 3517 561 3567 lllacrob.
584 3518 630 3580 Vl,
652 3517 676 3567 3.
698 3538 723 3588 p.
750 3517 797 3585 ⁵9¹

300 3611 369 3658 noa,
380 3594 401 3646 si
412 3595 479 3646 milti
491 3595 589 3669 linyuoe
601 3600 708 3649 Centum
722 3609 801 3668 utque

300 3690 345 3722 ora
358 3673 424 3724 sient
434 3676 538 3726 totidem
551 3695 672 3746 vocesque
683 3675 798 3747 liqnatoe.

300 3751 420 3819 -ferrea
431 3773 488 3818 nox,
502 3755 576 3808 nulla
586 3756 709 3808 clamoris
718 3758 801 3808 inten-

301 3831 374 3880 tione
385 3832 484 3884 fracta:
500 3831 597 3904 oiatqic.

335 3909 496 3964 630-636.
508 3915 625 3966 Plutonis
637 3919 735 3987 regiam
747 3935 799 3966 nou

301 3991 382 4040 intrat
392 3991 487 4042 AEueas
497 4013 557 4045 cum
568 3997 677 4060 comite,
688 3997 735 4048 sed
746 4010 801 4050 tau·

301 4081 355 4120 tum
367 4069 484 4125 elimino
498 4075 609 4141 salutat,
628 4096 708 4130 aureo
726 4097 799 4130 raino

850 1841 877 1890 in
897 1839 999 1890 foribus
1018 1839 1150 1910 deposito.
1170 1835 1241 1903 Quid
1260 1837 1287 1885 in
1305 1833 1348 1886 his

851 1931 979 1988 sequutus
1002 1922 1035 1969 sit
1061 1931 1156 1988 poeta,
1182 1935 1236 1966 non
1255 1915 1346 1984 liquet.

852 1999 934 2070 Regin
950 2001 999 2050 ista
1014 1999 1095 2050 habet
1114 2015 1203 2048 muros
1217 1995 1348 2074 aereusrel

851 2081 960 2130 ferreos.
986 2079 1075 2132 Solent
1092 2091 1176 2151 poetae
1196 2076 1247 2128 hac
1264 2075 1350 2126 muni-

852 2163 931 2212 tionis
944 2161 1119 2226 notione'uti,
1133 2159 1213 2210 (lucta
1228 2177 1244 2208 a
1256 2155 1349 2206 serrcitt

853 2255 879 2293 et
890 2245 993 2294 ferratis
1006 2245 1104 2313 portis,
1116 2254 1142 2292 et
1154 2238 1281 2290 translato
1293 2237 1349 2286 fere

853 2341 933 2392 opere
949 2323 982 2374 ad
997 2323 1143 2374 Vulcanum
1158 2320 1198 2370 rel
1211 2316 1348 2388 Cyclopes.

852 2401 894 2451 Sic
905 2403 1035 2473 argorum
1047 2401 1142 2453 rnoenia
1154 2399 1224 2470 apud
1237 2397 1350 2466 Statium

851 2483 861 2530 l
877 2482 958 2534 Theb.
969 2485 1034 2547 630,
1050 2501 1128 2552 quern
1142 2481 1229 2531 locum
1244 2477 1349 2528 Servius

851 2559 1167 2632 laudat‚etMyeenarutn
1176 2557 1248 2628 apud
1257 2557 1347 2608 Senec.

851 2639 956 2710 Tqucst.
971 2642 1036 2707 406,
1054 2640 1107 2690 rid.
1128 2643 1216 2692 Wass.
1230 2636 1263 2688 atl
1277 2633 1350 2686 Tlru-

851 2719 909 2789 cyd.
939 2723 1010 2785 Vlll,
1033 2722 1078 2784 26,
1105 2733 1130 2772 et
1151 2717 1238 2770 Scltol.
1256 2717 1348 2784 Eurip.

850 2801 936 2851 Orest.
948 2801 1008 2869 964.
1021 2803 1106 2852 lllnlto
1125 2801 1206 2870 magis
1222 2800 1310 2868 itaque
1320 2798 1350 2847 in

851 2881 942 2930 inferis
962 2878 989 2930 lt.
1016 2880 1032 2930 l.
1056 2892 1116 2930 sunt
1138 2877 1234 2928 moenia
1255 2877 1350 2926 educta

853 2959 995 3031 t'yrlopum
1018 2961 1146 3024 canticis,
1170 2957 1197 3008 h.
1226 2977 1249 3008 e.
1276 2959 1348 3008 ferro

851 3059 915 3092 cuso
928 3053 953 3090 et
968 3041 1141 3090 ferruminato
1159 3039 1185 3087 in
1203 3036 1350 3108 Cyclopum

850 3119 959 3170 fabricis
982 3117 1076 3187 (Male
1095 3114 1213 3186 Corda).
1245 3116 1349 3166 adverso

851 3201 951 3262 fornice
959 3211 1062 3271 portas,
1076 3213 1184 3260 ornate;
1198 3211 1274 3268 porta
1287 3214 1351 3266 pro·

850 3283 907 3351 pric
922 3282 985 3350 ipsis
996 3292 1053 3330 erat
1068 3278 1193 3344 adversa,
1208 3291 1234 3328 et
1248 3296 1279 3328 cn
1292 3277 1351 3345 qui·

852 3359 953 3412 demin
974 3359 1101 3409 fornicem
1120 3357 1216 3420 dueta,
1230 3369 1348 3408 arcuata.

851 3469 884 3477 --
895 3442 955 3506 629.
965 3434 1061 3508 perfice
1070 3455 1180 3500 varinas,
1194 3437 1216 3486 si
1229 3437 1350 3505 poeticus

850 3537 936 3572 sermo
951 3520 1014 3576 l'ert;
1029 3518 1137 3585 proprie
1152 3514 1215 3566 iloni
1226 3515 1354 3584 deporta-

851 3601 887 3648 tio
909 3595 1105 3666 pcrlicicliatur.
1129 3595 1213 3646 Etiam
1233 3596 1271 3648 sic
1291 3613 1353 3646 mox

851 3679 900 3744 637
914 3675 1030 3744 perfecto
1050 3694 1157 3726 nrunerc
1176 3675 1259 3736 dive,
1278 3673 1305 3725 lr.
1326 3693 1351 3724 e.

850 3756 967 3806 muneris¹
978 3754 1162 3815 dedicatiouc3
1177 3754 1277 3824 alioqui
1294 3773 1353 3806 mu-

851 3853 898 3886 nus
920 3836 1080 3906 generaliori
1102 3838 1211 3887 notione
1230 3853 1279 3905 pro
1301 3851 1353 3884 ne-

850 3918 966 3987 petinet
986 3917 1028 3968 liic
1051 3918 1137 3986 accipi
1158 3918 1256 3986 possit,
1276 3927 1305 3964 ut
1323 3915 1351 3966 in

850 3995 966 4048 AEncitlis
980 3996 1163 4049 dedicatione:
1181 3996 1210 4048 Si
1224 3994 1290 4045 milii
1301 4013 1354 4046 sitt-

850 4087 950 4148 ccptum
957 4077 1044 4148 fuerit
1057 4077 1190 4130 decurrere
1201 4086 1305 4128 munus.
1316 4105 1355 4118 -κ
