2968 4696
293 442 355 507 290
540 411 1083 481 P.V1RGIL11MARONIS

291 544 379 626 Quin
392 539 480 606 idem
492 540 613 604 Veneri
625 553 738 627 partus
751 559 844 616 suus,
858 554 892 603 et
903 540 992 604 Paris
1004 539 1100 619 alter,

291 651 507 737 Funestaeque
519 646 639 710 iterum
651 642 794 709 recidive
806 643 840 708 in
852 646 1008 730 Pergama
1020 643 1124 709 taedae.
1138 673 1163 704 n.

337 755 416 818 Haec
427 751 485 816 ubi
497 748 584 816 dicta
598 747 706 828 dedit,
719 766 822 814 terras
834 747 999 814 horrenda
1011 749 1138 837 petivit.

292 857 484 924 Luctificam
498 854 624 920 Allecto
636 853 783 918 dirarum
795 851 836 918 ab
849 852 929 918 sede
942 865 1094 918 sororum

292 963 500 1052 Infernisque
512 961 577 1026 ciet
589 957 816 1038 tenebris3cui
828 958 932 1022 tristia
942 958 1043 1038 bella,
1290 975 1340 1023 325*

290 1133 394 1180 Macrob·
404 1132 444 1189 IV,
455 1146 467 1176 s
478 1147 501 1193 p.
511 1127 565 1184 451.
576 1127 697 1190 Proeqnuns
710 1126 790 1172 Cisseis
796 1125 873 1172 Lutat.
884 1143 921 1189 ap.
934 1127 1012 1172 Bur-m.
1023 1151 1055 1164 -
1067 1125 1120 1172 322.
1131 1127 1233 1173 recidivat
1242 1129 1334 1176 ridetur

290 1207 382 1252 Servius
393 1201 483 1263 leqisse.
492 1223 524 1234 —
533 1197 585 1255 sat.
602 1195 734 1258 lethrficmn
743 1196 775 1242 A.
792 1205 815 1242 et
829 1197 860 1242 D.
871 1195 977 1243 Parrhas.
990 1195 1127 1260 meyerum
1142 1213 1178 1259 pf,
1195 1197 1276 1244 amb,
1289 1198 1334 1243 Ar,

292 1273 346 1320 lecto
358 1271 443 1318 Medic.
455 1281 478 1316 et
489 1269 561 1314 ceteri
575 1281 656 1313 omnes
666 1267 793 1312 lleinsiani.
806 1267 843 1311 Sic
856 1278 879 1312 et
891 1267 956 1312 Rom.
967 1281 1020 1312 cum
1029 1266 1111 1328 fragm.
1121 1267 1197 1314 l'atic.
1209 1269 1247 1312 Sic
1259 1279 1283 1314 et
1294 1267 1333 1314 .Ιῆ

290 1347 386 1393 minoris
398 1356 492 1395 census,
505 1351 530 1384 ut
539 1336 587 1385 mr.
598 1337 667 1383 Haud
679 1337 751 1383 dubie
759 1349 837 1392 reete,
848 1337 979 1383 Graecorum
988 1349 1110 1400 poetarum
1120 1338 1238 1401 exemplo,
1251 1341 1292 1402 qui
1300 1341 1331 1385 iu

289 1420 387 1482 primam
396 1431 439 1478 per
450 1429 474 1460 se
483 1412 577 1458 brevem
587 1410 721 1473 producunt
730 1411 755 1455 iu
767 1407 879 1463 inruere,
891 1421 917 1457 ut
926 1411 990 1472 apud
1006 1411 1131 1457 Homerum
1142 1410 1254 1458 inum„
1265 1421 1332 1457 πολι.

287 1487 371 1552 μέζω·
384 1489 421 1532 δὴ
432 1483 506 1546 O'l'h'
517 1481 562 1543 96⁶
571 1483 637 1528 v⁰⁸⁸·
645 1474 783 1534 'mma’
797 1493 819 1526 ⁸¹
829 1483 853 1526 5¹¹
863 1481 929 1545 flym·
942 1481 987 1538 68,
1002 1497 1022 1526 a.
1033 1484 1075 1528 ersi
1085 1481 1173 1545 alioqui
1180 1484 1273 1528 nemim
1286 1483 1332 1530 ru-

288 1564 383 1614 riaruur,
393 1574 435 1604 seu
441 1554 596 1602 Eumenidum
606 1553 635 1598 ab
643 1551 814 1616 antiquioribus
823 1554 947 1598 memorari
956 1552 1020 1599 haud
1028 1555 1182 1600 meminerim.
1191 1555 1218 1598 ln
1226 1553 1272 1599 line
1279 1554 1333 1600 deu·

288 1648 339 1681 rum
351 1631 422 1674 Caris.
440 1639 462 1674 et
478 1624 518 1671 alii
531 1623 614 1679 codd,
631 1622 754 1668 Mediceus
765 1638 859 1686 quoque
874 1640 887 1668 s
900 1639 931 1668 m.
947 1639 982 1686 pr.
995 1639 1048 1670 cum
1058 1624 1139 1686 lraqm.
1149 1623 1237 1679 varie,
1256 1625 1332 1670 minue

288 1701 384 1766 quidem
398 1696 524 1758 eleganter.
540 1696 630 1740 sororis
647 1707 724 1740 tamen
735 1707 803 1738 versu
820 1692 875 1738 binc
885 1695 954 1740 tertio
966 1695 1050 1740 iterum
1064 1705 1237 1749 memorantem
1253 1705 1277 1740 er
1290 1695 1333 1738 inl.

288 1771 334 1830 454
352 1770 424 1814 diram
436 1765 464 1811 ab
478 1767 530 1812 sede
545 1779 646 1810 sororum
662 1764 770 1809 recurrit.
783 1761 848 1809 Solet
861 1775 938 1810 autem
950 1775 1031 1826 poeta,
1046 1765 1091 1809 uisi
1104 1765 1140 1810 sui
1152 1779 1234 1825 parum
1244 1777 1333 1810 memor

288 1846 330 1899 sit,
340 1841 395 1888 ralia
405 1840 502 1888 diversis
514 1838 572 1887 locis
579 1838 677 1883 variare.

288 1985 428 2057 quisitius:
448 1981 497 2032 32¹
516 1980 581 2051 quin
602 1978 668 2030 idem
690 1977 787 2031 Veneri
835 1975 908 2028 dum.
922 1976 1070 2029 Snntenim
1085 1977 1169 2027 Fur-ire
1184 1977 1333 2046 expoetica

285 2061 479 2138 portassetis),
491 2074 517 2112 et
534 2061 584 2112 erit
601 2058 645 2110 ille
657 2055 726 2108 alter
736 2058 786 2107 Pa·
835 2073 866 2106 ac
874 2054 988 2127 mythica
996 2054 1252 2107 doctrinaveraedeoe
1260 2053 1333 2126 apud

287 2145 339 2209 ris,
352 2157 377 2196 et
396 2153 473 2194 erunt
484 2143 577 2191 iterum
584 2139 700 2209 funeste
714 2137 785 2187 toedw
834 2137 933 2187 inferos
953 2136 1107 2202 collocutae,
1118 2148 1148 2186 ut
1166 2153 1249 2206 supra
1264 2133 1332 2186 vidi·

287 2224 314 2276 in
329 2223 457 2294 Peryama
478 2219 607 2281 recidiua,
623 2216 651 2268 h.
671 2235 693 2268 e.
714 2232 785 2268 nova
833 2233 891 2266 mna
909 2217 961 2280 vt,
985 2217 1050 2278 280,
1071 2217 1193 2266 immissae
1204 2215 1293 2268 Oresti
1305 2225 1333 2266 et

285 2302 342 2355 haee
354 2303 448 2372 Troja‚
461 2317 508 2352 seu
519 2299 640 2350 restituta
653 2295 784 2365 Trojano·
833 2294 948 2347 Herculi.
971 2291 1064 2348 Arium
1087 2295 1194 2347 Herculi
1216 2295 1250 2346 ab
1273 2297 1333 2365 ipsa

284 2401 344 2433 rum
368 2383 495 2442 fortuna,
518 2380 614 2428 iterum
636 2376 785 2444 experietur
832 2375 938 2428 Junone
950 2387 980 2425 ut
992 2374 1018 2426 h.
1034 2374 1051 2425 l.
1070 2377 1212 2426 immissam
1231 2379 1259 2428 in
1275 2393 1334 2428 sce-

286 2475 414 2530 tanquam
442 2455 554 2510 alterum
580 2455 689 2506 iliacum
712 2455 784 2505 exci-
833 2473 894 2506 nam
918 2454 1030 2525 protulit
1054 2453 1193 2527 Euripides
1211 2454 1331 2508 Herculis

285 2541 368 2593 dium.
389 2537 503 2590 recidiva
524 2537 669 2606 Peryama,
691 2535 725 2584 cf.
749 2533 783 2585 ad
832 2535 884 2584 fur.
908 2533 957 2585 sas
981 2551 1054 2606 seqq.
1074 2534 1198 2587 Ceterum
1222 2537 1331 2588 invento

285 2620 336 2685 lv,
353 2617 413 2682 344.
432 2615 546 2666 Multum
566 2614 659 2685 tragici
675 2615 781 2684 spiritus
832 2610 899 2678 hoc,
921 2614 971 2664 etsi
987 2630 1036 2682 per
1054 2629 1082 2664 se
1102 2613 1161 2665 exili
1183 2626 1208 2666 et
1223 2617 1331 2685 jejuno,

284 2698 348 2750 huic
360 2698 420 2748 loco
432 2698 509 2748 inest.
833 2693 953 2765 certatim
965 2695 1006 2744 usi
1019 2707 1079 2744 sunt
1088 2707 1173 2764 poetae
1185 2697 1330 2766 sequiores.

321 2776 372 2829 323
383 2792 441 2846 sqq.
451 2773 575 2843 Sequitur
585 2772 660 2823 locus
668 2771 701 2822 de
710 2769 785 2821 Aleu-
832 2769 875 2823 Sic
886 2771 965 2823 ovid.
979 2774 1023 2838 Ν,
1036 2773 1101 2825 Met.
1114 2774 1164 2841 4²²
1178 2793 1236 2846 sqq.
1256 2774 1330 2847 (quo

287 2867 326 2920 to,
339 2857 478 2906 Furiarum
490 2869 558 2918 una,
571 2869 602 2904 ex
611 2851 703 2902 inferis
715 2853 785 2902 enci·
834 2867 989 2922 comparato
1005 2851 1110 2924 Virgilii
1122 2856 1280 2924 sapientiam
1292 2858 1332 2908 in·

286 2947 342 2988 tuta
353 2955 368 2988 e
381 2938 501 2998 lunone,
520 2944 546 2984 et
564 2933 680 2994 Amare,
698 2931 785 2982 Latini
833 2930 949 3002 telligas3
963 2950 1024 2983 nam
1042 2931 1086 2983 hic
1100 2951 1187 2986 rerum
1203 2951 1331 2988 summam

285 3017 377 3075 uxori,
391 3032 451 3065 mox
466 3013 566 3064 Latinis
578 3028 684 3082 quoque
696 3013 786 3061 matri·
833 3011 958 3080 persequi
968 3022 1108 3062 contentus
1122 3021 1222 3077 terras,
1235 3014 1332 3084 inquit,

284 3096 335 3148 bus
347 3095 477 3158 familias,
490 3105 546 3144 tum
557 3091 663 3158 Turno,
675 3091 784 3142 Teucris
831 3088 927 3159 petivit
937 3101 963 3139 et
977 3088 1042 3150 eiet5
1054 3101 1081 3140 at
1098 3090 1169 3161 apud
1185 3090 1260 3142 illum
1272 3095 1332 3165 ipsa

286 3193 393 3246 qnoque
406 3186 432 3226 et
448 3169 636 3242 Aboriginibus
650 3169 784 3238 immissa,
832 3169 903 3220 luno
920 3167 1057 3219 deseendit
1068 3169 1102 3220 ad
1115 3172 1215 3221 inferus
1228 3183 1254 3224 et
1267 3191 1331 3225 ero·

285 3256 388 3327 egregie
415 3248 523 3321 quidem
543 3249 587 3300 ille
607 3259 734 3299 tractatus
758 3260 784 3299 et
833 3260 877 3299 eat
892 3249 997 3312 Furias,
1011 3259 1039 3298 ut
1051 3247 1236 3302 Athamantem
1248 3247 1332 3305 infu-

285 3345 409 3396 ornntns,
420 3328 555 3381 luvenalis
567 3343 673 3400 queque
680 3325 784 3396 judicio
832 3345 920 3380 rorem
934 3329 1079 3397 conjiciant
1089 3327 1099 3400 )
1110 3327 1208 3382 Statius
1220 3333 1231 3381 l
1243 3331 1328 3385 Theb.

283 3415 337 3467 Sat.
348 3413 409 3476 vlt,
424 3409 459 3462 66
473 3425 512 3478 sq.
526 3405 742 3468 commendatum
755 3407 783 3458 in
832 3407 866 3460 88
883 3423 941 3477 sqq.
961 3405 1039 3458 Silius
1058 3408 1094 3472 11,
1115 3409 1166 3461 526
1185 3427 1243 3480 sqq.
1259 3411 1332 3464 Non·

286 3513 339 3567 quo
360 3505 449 3543 tamen
471 3489 570 3541 inventi
595 3486 781 3552 subtilitatem,
831 3505 896 3540 num
912 3487 958 3538 lib.
973 3487 1073 3556 xxxi,
1085 3487 1221 3541 Claudiam.
1235 3493 1262 3542 in
1277 3493 1331 3544 ttu-

284 3574 326 3628 vel
343 3570 488 3624 sollertiam
501 3585 556 3619 non
575 3565 643 3619 adeo
659 3583 783 3638 magnam
832 3566 875 3617 lin.
904 3567 931 3630 1,
964 3565 996 3618 25
1024 3583 1083 3640 sqq.
1112 3571 1208 3620 excitat
1233 3567 1333 3624 Cerda.

283 3653 371 3706 rideo.
382 3650 538 3720 Excogitatu
548 3659 618 3710 certe
626 3645 782 3698 facillimum
830 3647 934 3698 Partem
944 3645 997 3697 loei
1008 3647 1035 3697 in
1047 3649 1105 3700 Laii
1114 3648 1234 3700 umbram
1246 3663 1331 3702 trans-

283 3728 482 3796 ridetur‚odiis
490 3739 518 3778 et
529 3727 671 3777 inimicitiis
680 3743 712 3777 ex
723 3727 782 3796 ipsa
831 3727 891 3779 tulit
911 3725 1010 3779 Statius
1030 3729 1115 3782 Theb.
1137 3731 1176 3796 ll,
1197 3731 1232 3800 94
1253 3747 1329 3803 seqq.

283 3810 408 3872 renatis,
421 3809 507 3858 Furiis
521 3805 573 3856 hoe
587 3806 721 3876 negotium
734 3804 782 3856 de·
830 3807 936 3859 Semina
954 3809 1040 3878 prima
1057 3811 1094 3862 rei
1112 3821 1172 3861 suut
1189 3807 1261 3880 apud
1278 3812 1330 3862 llo-

284 3907 329 3952 re,
342 3899 371 3938 ut
386 3886 513 3938 tumultus
532 3899 559 3937 et
575 3885 675 3937 bellum
687 3885 782 3936 excite·
830 3903 892 3940 mer.
916 3887 991 3938 iliud.
1013 3909 1033 3952 ι,
1056 3888 1123 3953 565,
1143 3889 1209 3959 567,
1224 3889 1287 3952 56&
1301 3894 1329 3944 in
1371 3905 1374 3910 ’

283 3980 335 4020 tur.
346 3968 432 4018 Poeta
444 3978 532 4018 tamen
545 3983 576 4018 ea
588 3967 615 4016 in
632 3963 684 4015 boe
697 3963 782 4015 conti·
830 3969 923 4019 ceteris
952 3968 1009 4019 Eris
1035 3969 1177 4021 Homerica
1207 3970 1329 4040 exemplo

282 4051 321 4122 git
334 4047 461 4111 felicitas,
471 4044 544 4116 quod
556 4064 610 4096 non
620 4047 647 4094 in
659 4044 781 4116 allegori·
829 4064 886 4099 esse
896 4049 992 4117 potuit.

283 4130 320 4188 eis
333 4125 454 4206 personis
472 4125 522 4195 ipsi
539 4125 591 4174 fuit
610 4123 781 4192 acquiescen·
865 4125 916 4178 323
926 4155 959 4166 --
969 4127 1028 4197 329.
1039 4125 1167 4180 horrenda
1174 4165 1183 4193 ,
1195 4141 1237 4195 ut,
1249 4143 1332 4192 serva,
