2968 4696
467 431 529 494 no
552 429 753 496 uranon
775 431 860 496 vn.
1118 447 1182 534 ⁸7¹

137 550 368 624 intelligendum,
385 563 414 602 ut
430 549 491 603 illos
507 552 576 604 inter
592 554 720 620 majores,
735 555 825 625 stirpis
837 573 900 608 vero
917 572 1052 615 auctorem
1069 568 1191 629 ultimum

147 633 294 685 Saturnum
305 630 436 686 habuerit.
449 631 491 684 Sic
504 633 551 686 int.
566 649 617 701 ²¹9
628 633 693 684 June
704 633 830 686 Dardana
839 636 922 706 pulses
934 639 1036 693 Gaudet
1045 667 1102 699 auo.
1116 653 1191 708 sbo-

147 712 267 782 riginum
279 711 325 764 alii
338 709 419 782 mytbi
432 711 505 764 luere
517 707 550 761 de
564 711 649 776 Jano,
666 711 699 764 de
718 713 836 766 Camenis
844 751 853 778 ,
866 713 899 768 de
912 717 990 768 Anno
1003 722 1120 778 Perenne
1157 735 1190 786 de

147 790 310 860 Anqerona,
327 787 360 844 de
375 791 476 854 Canto,
496 787 529 840 de
548 787 618 858 Ope,
635 787 784 860 symbolica
802 792 858 844 lere
877 805 992 860 notura,
1006 801 1053 852 sed
1072 769 1191 880 plerique

149 868 337 932 obscuriores,
349 887 409 920 cum
421 871 485 940 ipsis
497 867 666 932 nominibus,
678 887 735 939 quse
749 869 821 940 apud
831 873 992 939 Varronem,
1006 879 1123 947 Festum,
1135 890 1191 942 Ma.

147 947 289 1009 crobium,
302 948 492 1020 augustinum,
504 946 651 1004 Aruobium
661 962 687 1002 et
698 949 765 1002 alios
777 964 838 1002 sunt
847 950 961 1005 videnda
970 971 984 1014 r.
991 968 1020 1006 ut
1030 957 1097 1010 adeo
1107 966 1149 1016 vix
1159 972 1192 1022 sit

150 1043 242 1095 opera
251 1027 373 1095 pretium,
384 1031 410 1078 in
421 1027 472 1078 illis
482 1026 564 1078 otium
574 1043 745 1078 consumere:
759 1028 889 1098 inprimis,
897 1049 979 1100 qaum
988 1051 1076 1102 pauca
1089 1039 1192 1115 integra

149 1123 184 1156 ac
197 1123 277 1170 sana,
289 1105 417 1176 pleraque
429 1107 583 1158 commentis
596 1119 623 1156 et
634 1108 873 1176 interpretamentis
886 1110 956 1162 toede
968 1118 1147 1173 contaminata
1157 1125 1191 1176 ad

148 1201 203 1234 nos
219 1187 394 1254 pervenerint.
414 1185 540 1238 Certatim
555 1186 625 1236 annu
644 1184 678 1236 ab
694 1185 843 1250 historicis,
856 1193 1048 1259 grammaticis,
1067 1209 1093 1248 et
1111 1201 1193 1254 multo

149 1266 235 1336 magis
245 1283 260 1316 a
270 1265 424 1318 doctoribus
435 1265 589 1319 Christianis
601 1264 778 1318 allaboratnm
789 1279 846 1331 est,
860 1281 889 1318 ut
897 1270 1083 1340 antiquitatem
1095 1277 1193 1332 obscu.

151 1355 260 1406 rorent,
272 1361 303 1394 ao
318 1342 423 1395 tundam
436 1345 541 1414 penitus
553 1345 742 1415 extinguerent.
754 1345 823 1398 Bura
835 1348 925 1416 itaque
937 1349 1046 1403 fortuna
1060 1355 1100 1405 vix
1114 1375 1193 1412 unam

150 1434 179 1472 et
194 1422 304 1474 alteram
315 1426 408 1476 veteris
420 1422 500 1476 ltalise
510 1423 665 1495 religionum
676 1425 922 1496 interpretationem
934 1433 1061 1494 servavit,
1072 1438 1121 1486 etsi
1134 1454 1195 1492 sunt

151 1501 180 1552 in
195 1502 227 1552 iis
240 1501 392 1567 nonnullae,
406 1501 501 1573 quibus
514 1505 662 1574 priscorum
674 1503 810 1556 hominum
820 1523 907 1558 sermo
918 1507 1080 1577 symbolicos
1091 1521 1195 1588 egregie

152 1580 312 1634 illustratur.
323 1583 365 1636 sio
378 1583 498 1650 Vulcani,
509 1584 555 1652 qui
565 1584 692 1654 igniscat,
704 1598 769 1636 uxor
779 1585 850 1655 apud
861 1587 980 1638 Macroh.
991 1590 1046 1641 Sat.
1056 1592 1077 1658 l,
1091 1609 1131 1658 12,
1142 1597 1196 1648 edi.

150 1673 196 1712 tur
208 1663 283 1712 Maia
290 1700 299 1726 ,
311 1663 362 1716 boc
373 1677 412 1714 est
422 1663 521 1726 Terra,
531 1663 617 1714 Mater
628 1681 740 1732 magna,
754 1663 801 1715 sed
812 1682 872 1716 cum
884 1667 993 1718 notione
1003 1683 1113 1737 auctus,
1125 1677 1195 1730 unde

151 1741 247 1794 eadem
257 1741 367 1794 Maiestas
380 1741 451 1794 dicta
460 1741 519 1792 iuit.
530 1740 610 1811 Apud
619 1740 784 1794 Tusculanos
800 1744 890 1796 Maius
902 1757 958 1796 erat
969 1745 1080 1816 Jupiter.
1095 1752 1193 1806 Eadem

153 1841 215 1875 uum
227 1823 299 1874 Maia
313 1823 378 1892 Ops,
392 1822 466 1872 Bona
477 1821 534 1873 Dea
541 1857 550 1884 ,
563 1821 672 1886 Fausta,
684 1822 784 1885 Fatua,
798 1820 892 1874 habits
903 1845 909 1873 :
921 1823 975 1875 vid.
992 1827 1112 1881 Macrob.
1129 1833 1195 1886 ibid.

154 1902 295 1956 Vertumni
306 1915 332 1954 et
343 1903 466 1954 Pomonoe
475 1899 568 1952 fabula
578 1919 609 1954 ex
618 1903 676 1970 ipso
686 1904 793 1952 nomine
802 1901 888 1954 lucem
897 1902 978 1956 habet
989 1927 995 1956 ε
1009 1925 1067 1959 eam
1077 1927 1101 1960 s.
1113 1913 1194 1985 opud.

152 1980 294 2045 Ovidium,
303 1992 329 2032 et
341 1981 459 2048 Propert.
470 1979 520 2042 lV,
534 1997 557 2030 n.

191 2056 242 2110 Sed
255 2061 281 2110 in
293 2056 335 2109 bis
344 2055 442 2108 subulis
455 2074 550 2126 magua
561 2057 633 2108 lacte
643 2074 701 2108 esse
715 2057 821 2108 videtur
832 2057 1011 2128 perturbatio,
1021 2077 1136 2133 quotuor
1145 2087 1196 2140 po.

153 2138 300 2200 tissimum,
310 2136 333 2185 si
345 2147 414 2186 reete
423 2133 525 2202 judico,
539 2133 628 2186 modis.
642 2133 771 2197 Primum,
785 2154 880 2206 quum,
893 2142 1027 2190 communi
1038 2142 1101 2194 licet
1112 2149 1194 2218 stirpe

155 2215 277 2278 oriundi,
290 2213 386 2266 diversi
397 2221 485 2264 tamen
499 2223 525 2264 et
534 2229 582 2280 per
591 2213 770 2262 sarias-ltalia
783 2227 871 2282 partes
881 2214 1007 2284 dispersi,
1021 2221 1114 2288 populi
1130 2243 1195 2293 pro.

154 2296 228 2366 prios
240 2289 493 2365 quisque‘quusdam
505 2306 567 2342 suos
576 2289 707 2344 haberent
719 2290 823 2361 mythos
835 2313 840 2346 :
856 2291 890 2344 ad
901 2293 1058 2365 Aborigines
1069 2315 1114 2350 seu
1127 2303 1196 2355 Lati·

155 2393 205 2428 nos
224 2391 269 2427 eos
290 2372 395 2425 trahere
414 2371 497 2422 serior
516 2371 596 2440 coepit
612 2383 692 2436 utus,
708 2371 881 2442 inprimisque
902 2391 916 2424 e
934 2373 1058 2426 Romanis
1075 2381 1194 2451 quisquis

154 2469 255 2507 veteres
272 2453 394 2504 historias
414 2451 617 2519 conscripserat.
630 2449 767 2502 Videndus
786 2453 813 2502 in
831 2450 901 2502 banc
920 2469 976 2502 rem
993 2454 1112 2523 inprimis
1124 2457 1193 2512 Sext.

154 2536 243 2590 Aurei.
253 2537 361 2592 Victum
378 2530 440 2582 add.
454 2531 529 2582 locus
541 2532 637 2582 'lbetzn
650 2529 687 2582 ad
696 2529 827 2600 Lycopbr.
844 2530 926 2594 1232,
944 2533 1069 2601 quemad
1083 2533 1194 2592 Dionem

153 2617 261 2671 retraxit
274 2615 403 2666 Valesius.
414 2613 454 2664 ltu
469 2612 570 2662 iactum
587 2610 621 2660 ab
638 2611 686 2672 iis,
704 2627 771 2680 quos
782 2609 906 2681 Virgilius
923 2609 975 2662 alio
991 2611 1052 2663 loco
1066 2619 1193 2686 sequitur.

153 2699 237 2760 Nam,
247 2693 319 2767 quod
331 2691 411 2746 modo
424 2709 484 2744 eum
494 2691 607 2742 vidimus
616 2691 702 2742 Latini
713 2693 826 2759 majores
836 2690 914 2742 edere
924 2691 1059 2757 Faunum,
1070 2696 1159 2750 Picum
1168 2712 1195 2752 et

142 2779 294 2832 -Saturnum
308 2786 430 2836 atavum,
442 2771 470 2822 id
484 2770 574 2840 paullo
591 2783 652 2842 post
666 2789 690 2821 v.
708 2787 755 2840 ¹77
768 2787 826 2841 sqq.
843 2770 948 2822 deserit.
961 2773 991 2822 ln
1005 2773 1091 2826 Latini
1103 2780 1192 2849 regia:

156 2855 227 2926 Quin
238 2855 317 2908 etiam
329 2863 444 2906 ueterum
454 2847 555 2922 effipies
566 2851 695 2902 exordisse
705 2869 814 2901 avonem
827 2850 946 2921 Antiqua
955 2869 987 2901 ex
998 2853 1193 2912 cedro51tuiur-

143 2951 204 3006 qne
217 2943 344 3002 paterque
358 2930 468 2982 Sabinum
487 2929 626 2992 Vitisator,
640 2947 747 2979 cumam
762 2947 864 2980 seruans
877 2929 925 2980 sub
942 2929 1058 3000 imaqine
1071 2930 1173 2999 falcem
1182 2972 1192 2998 ,

144 3007 547 3079 ‚Sotumusquesenesrdsniqne
556 3005 677 3074 bifrontis
688 3007 774 3078 imoqo
788 3005 921 3060 Vestibnlo
932 3007 1077 3059 adstabant.
1088 3012 1136 3062 llic
1146 3011 1194 3062 So-

155 3091 230 3144 binns
239 3089 272 3140 asl
287 3087 413 3148 Sabinos,
424 3085 470 3155 qui
482 3087 551 3136 inter
564 3087 754 3138 vetustissimos
767 3105 798 3138 ex
811 3085 962 3138 Ausonibus
974 3088 1065 3152 fuere,
1078 3091 1194 3144 referen-

156 3167 204 3219 dus
217 3179 269 3228 est,
279 3165 363 3236 gentis
376 3182 392 3216 a
404 3162 550 3228 nonnullis,
563 3175 592 3214 ut
604 3183 621 3214 a
631 3164 745 3227 Catone,
758 3176 852 3216 auctor
862 3163 983 3224 habitum
995 3168 1043 3215 etsi
1059 3167 1104 3218 alii
1119 3169 1195 3221 aliter

156 3247 187 3300 de
199 3245 293 3318 populi
303 3245 403 3315 origine
414 3253 440 3294 et
450 3245 555 3294 nomine
563 3245 675 3312 argutati
687 3257 755 3294 sunt.
765 3242 844 3295 Silius
853 3244 912 3293 Vlll
918 3279 926 3306 ,
937 3243 986 3310 l²l
999 3243 1096 3296 Saburra
1106 3261 1190 3300 vocat.

157 3327 226 3379 coni.
239 3327 366 3396 Pompon.
377 3321 437 3374 sab.
446 3320 480 3372 ad
491 3321 517 3372 h.
528 3321 550 3372 l.
559 3323 615 3386 Vll,
629 3319 874 3391 178.1ta1usautem
886 3321 919 3373 ad
927 3323 1071 3374 OEnotrios
1082 3339 1193 3395 spectet,

159 3423 223 3478 quos
239 3405 376 3456 Ausonum
389 3401 464 3456 sedes
476 3403 504 3454 in
517 3415 631 3454 extrema
643 3401 719 3453 ltalia
728 3417 887 3472 occupasse,
899 3415 941 3466 et,
962 3403 1034 3473 qued
1053 3403 1193 3474 probabile

157 3501 207 3551 est,
225 3503 285 3538 cum
299 3485 392 3538 iisdem
402 3485 560 3555 promiscue
576 3481 725 3545 habitasse,
740 3499 821 3553 supra
834 3482 954 3534 vidimus.
972 3484 1092 3553 Namque
1108 3486 1136 3536 in
1151 3485 1192 3536 his

148 3567 220 3619 loeis
230 3567 344 3638 primum
355 3563 436 3617 ltalia
447 3581 543 3616 nomen
557 3563 677 3615 auditum
690 3576 739 3629 est,
751 3560 804 3614 sire
813 3562 846 3614 ab
860 3563 928 3614 italo
940 3582 1013 3634 rege,
1027 3563 1081 3614 sive
1093 3563 1127 3614 ab
1140 3565 1194 3617 alia

159 3661 251 3698 caussa
262 3643 460 3696 throtmunni.
471 3643 578 3694 Excurs.
590 3643 649 3694 xxi
663 3641 697 3693 ad
708 3641 754 3694 lib
765 3644 783 3693 l.
798 3641 893 3694 italum
905 3641 1064 3704 OEnotrios,
1082 3644 1126 3712 qui
1138 3643 1193 3695 dis·

159 3727 227 3800 persi
233 3723 390 3776 babitabant
401 3721 539 3793 (rancidae),
551 3721 585 3774 ad
598 3721 785 3794 agriculturam
799 3721 955 3785 adduxisse,
967 3720 1038 3789 leges
1046 3721 1190 3791 scripsisse,

147 3818 198 3873 et,
210 3808 278 3860 inter
289 3805 358 3868 alia,
373 3802 495 3855 sodalitia
507 3804 682 3873 convivioque
694 3803 800 3874 publica
816 3801 955 3872 (merleia)
970 3798 1004 3851 ad
1020 3817 1096 3852 suum
1108 3821 1192 3872 usque

159 3897 260 3954 ternpus
269 3884 436 3952 frequentata
445 3882 611 3934 constituisse
622 3894 711 3933 narrat
721 3880 873 3934 Aristotcles
883 3878 916 3929 de
926 3879 989 3950 Rep.
1000 3879 1056 3939 Vll,
1068 3893 1108 3942 ιο,
1119 3877 1193 3949 quod

159 3967 253 4016 trustra
265 3975 396 4016 conantur
407 3961 441 4014 sd
453 3961 593 4019 Saturnum
603 3979 735 4015 revocare.
748 3961 848 4028 Quidni
864 3960 999 4012 OEnotriis
1011 3974 1071 4009 suas
1086 3959 1192 4011 fabulas

161 4043 347 4115 relinquimus?

192 4121 283 4176 Altera
300 4121 450 4194 mytborum
467 4105 623 4178 listinoruut
639 4118 887 4192 interpolandorum
904 4119 971 4170 ratio
991 4115 1025 4166 ab
1042 4115 1189 4187 allegoricis

974 4204 1014 4270 24.
