2968 4696
195 329 197 334 ’
283 341 346 409 286
529 337 1074 420 avruortrrnnuonrs

282 463 474 530 Deseruisse
486 477 581 525 rates.
594 460 689 525 Stetit
700 453 767 524 acri
779 459 841 523 fixa
854 458 986 540 dolore3

281 572 368 634 Turn
381 589 536 656 quassans
549 583 661 654 caput,
675 565 744 630 haec
756 564 902 629 effundit
913 581 1047 652 pectore
1059 563 1164 632 dicta:

285 707 298 735 n
312 679 386 740 Heu
399 676 534 762 stirpem
547 673 700 751 invisam,
715 688 748 735 et
759 672 833 736 fatis
845 672 1007 737 contraria
1021 673 1140 738 nostris

280 787 358 848 Fata
371 780 549 868 Phrygum!
563 801 644 841 num
655 777 756 864 Sigeis
770 776 967 842 occumbere
980 779 1118 868 carnpis,

281 892 367 953 Num
380 887 465 974 capti
478 901 616 973 potuere
629 883 811 971 capilnum
824 883 957 950 incensa
969 885 1126 948 cremavit
1278 903 1323 960 295

279 994 379 1082 'froja
390 991 497 1055 viros?
508 988 632 1054 medias
644 988 745 1068 acies,
759 987 954 1078 mediosque
965 1011 1026 1077 per
1037 991 1129 1076 ignes

219 1144 222 1154 .
279 1101 439 1164 Invenere
451 1097 548 1160 viam.
562 1097 618 1172 At,
632 1093 746 1174 credo,
761 1117 835 1158 mea
847 1096 983 1160 numina
995 1095 1129 1160 tandem

277 1209 374 1271 Fessa
382 1205 507 1296 jacent,
521 1200 605 1266 odiis
617 1217 673 1264 aut
686 1217 867 1290 exsaturata
879 1201 1000 1292 quievi.

277 1315 365 1396 Quin
379 1312 476 1375 etiam
488 1311 592 1397 patria
604 1330 757 1388 excussos
770 1308 888 1376 infesta
899 1331 960 1396 per
972 1306 1076 1374 undas

277 1424 364 1485 Ausa
375 1417 482 1506 sequi,
497 1432 530 1479 et
540 1415 689 1504 profugis
702 1431 773 1479 toto
785 1437 838 1478 me
851 1437 1020 1504 opponere
1033 1433 1155 1504 ponto:
1272 1429 1319 1479 3⁰0

275 1573 344 1634 rique
363 1571 423 1614 Pier.
437 1579 460 1614 ct
471 1567 563 1630 Memfi.
576 1566 616 1613 alt.
622 1600 629 1622 ‚
643 1581 669 1612 ac
680 1565 764 1612 Mutet.
778 1580 821 1628 pro
837 1563 884 1612 dir.
905 1563 973 1622 lect,
990 1568 1099 1631 autique;
1111 1567 1153 1615 red
1164 1566 1238 1630 fidere
1251 1579 1319 1616 enne

277 1659 305 1688 ex
315 1652 389 1704 poetae
401 1655 446 1685 usu
455 1653 478 1685 et
490 1640 595 1684 drusiani
607 1639 686 1684 Messii
699 1638 836 1683 auctoritate
847 1635 983 1684 defenditur
994 1639 1023 1685 ab
1036 1641 1139 1686 lleinsio.
1154 1667 1183 1676 —
1194 1655 1246 1702 29².
1256 1643 1320 1688 Dum

274 1709 449 1775 palterllarnb.
460 1708 557 1772 effundit
567 1709 646 1754 Heius.
659 1705 828 1761 emelioribun
840 1705 879 1752 alii
891 1706 981 1770 effudit.
992 1735 1025 1744 -
1034 1709 1086 1770 ²93·
1092 1709 1163 1773 factis
1173 1713 1234 1774 conj.
1248 1711 1319 1758 Wad-

275 1779 338 1835 ἀεὶ,
355 1790 450 1824 temere.
469 1781 525 1824 uotr's
536 1782 650 1824 contraria
666 1779 748 1824 nostrus
761 1778 798 1822 Jo.
813 1774 936 1824 Schrader.
955 1781 979 1825 in
998 1779 1097 1826 schedis.
1108 1805 1139 1816 -
1152 1780 1204 1842 ²94·
1216 1796 1261 1826 non
1272 1793 1320 1826 tres

275 1853 368 1905 licius..
381 1863 404 1896 et
416 1866 468 1895 mor
479 1849 551 1895 iidem
564 1866 616 1895 cum
628 1849 691 1905 aliis,
702 1851 772 1894 ctiam
782 1847 852 1893 Goth.
863 1860 930 1905 tert,
941 1866 985 1896 mn
993 1854 1060 1914 capti.
1070 1851 1102 1897 lta
1115 1867 1168 1902 eum
1180 1851 1320 1913 indignatio·

274 1940 305 1970 ne
317 1921 436 1969 efferenda
448 1921 497 1966 lraec
510 1934 585 1967 erunt.
600 1920 744 1967 succumbere
754 1918 850 1966 Mentel.
863 1936 899 1983 pr.
912 1933 937 1967 et
947 1923 1038 1986 Meuag.
1053 1922 1119 1970 alter.
1138 1941 1159 1970 o.
1171 1927 1234 1970 terris
1246 1921 1317 1969 Gotlr.

274 2011 321 2041 rec.
330 2019 362 2030 -··
372 1995 424 2054 ²9⁵·
438 1995 505 2039 Nunc
516 2009 537 2038 c.
549 1993 636 2040 Medic.
650 2005 672 2040 et
684 1992 781 2040 Mentel.
792 2008 828 2054 pr.
841 2007 901 2038 nunc
911 2006 934 2039 et
944 1996 1066 2040 nonedam
1079 2011 1132 2040 mor
1143 2010 1187 2057 pro
1198 2010 1252 2039 num
1262 2009 1320 2040 nou-

274 2063 335 2110 nulli
347 2063 410 2127 apud
421 2065 499 2109 Burin.
511 2072 553 2109 aut
571 2067 661 2110 incensa
672 2065 739 2124 Bigot
751 2065 836 2108 creavit
852 2063 906 2108 Ere.
919 2065 998 2110 Burni.
1016 2073 1129 2110 crearat-ut
1144 2065 1210 2112 Leid.
1222 2088 1254 2099 -·
1263 2079 1317 2126 ²97·

272 2151 303 2180 nn
313 2135 379 2181 credo
390 2133 491 2180 malebat
502 2135 544 2180 Ge.
556 2135 661 2190 Fabric,
674 2135 751 2180 minut
763 2132 831 2180 bene.
852 2148 878 2178 cc
895 2133 943 2180 duo
954 2135 1033 2180 Burm-
1051 2150 1101 2180 tnru
1115 2149 1207 2180 munem
1223 2135 1317 2194 Memfi.

272 2206 340 2255 alter.
352 2231 383 2243 -
394 2207 445 2268 ²9³·
467 2205 528 2252 laud
544 2207 615 2254 Caris.
633 2207 689 2253 lust.
706 2207 830 2252 Grammat.
848 2204 888 2250 lib.
901 2206 911 2251 l
924 2217 948 2252 et
966 2207 1021 2252 cdd.
1039 2209 1176 2253 vetustiores
1193 2205 1316 2252 Macrobii.

273 2279 329 2325 hunt
335 2282 404 2326 ctiam
415 2279 465 2325 bini
473 2278 542 2324 Goth.
554 2294 607 2325 cum
614 2279 661 2324 sit.
674 2277 735 2324 lund
743 2279 854 2322 asason
862 2280 969 2340 quiantnt
977 2278 1082 2326 Perrhae.
1093 2279 1242 2342 Fessujueent
1250 2277 1316 2331 odiis,

271 2351 472 2412 utrtdistinguitur
482 2354 507 2396 iu
519 2350 612 2397 Vratisl.
625 2353 736 2396 exsutt'rtta
752 2347 873 2410 Ohlongus
891 2349 969 2396 Pierii.
988 2351 1071 2396 Omnia
1089 2365 1219 2413 perperam.
1238 2349 1315 2406 Quam

271 2425 336 2485 piget
346 2421 399 2472 talia
410 2421 555 2468 exscribere!
565 2446 597 2457 -
607 2421 660 2469 300.
673 2436 709 2466 mc
718 2420 784 2466 abest
792 2417 860 2464 elteri
869 2420 951 2466 llamb.
959 2437 994 2467 me
1002 2431 1047 2468 toto
1058 2421 1105 2468 duo
1116 2421 1194 2467 turm.
1203 2433 1316 2482 upum

273 2548 318 2616 qui
331 2565 361 2598 ex
373 2544 483 2616 Solymis
500 2543 635 2596 montibus
647 2543 768 2616 Ulyssem
817 2545 911 2606 sinet.
931 2547 978 2598 inf.
998 2547 1049 2608 lx,
1077 2545 1139 2611 133,
1162 2543 1223 2608 136,
1246 2543 1314 2612 137,

270 2642 362 2675 versus
369 2623 506 2675 Phaeacum
515 2624 628 2674 insulam
638 2627 767 2696 navigan·
817 2622 878 2692 sed,
891 2626 963 2696 quod
975 2628 1108 2696 sequitur,
1127 2643 1191 2676 rrum
1208 2641 1315 2675 occum-

272 2719 325 2756 tem
347 2704 485 2772 conspicit.
507 2702 570 2754 Mox
591 2721 615 2753 r.
638 2719 684 2772 ²9·
706 2700 768 2774 fixa
818 2701 1313 2776 bere,numcnptipotuerecapi‚num

270 2779 376 2846 dolote,
389 2780 528 2846 transfixa,
538 2781 703 2853 jungendum
715 2800 767 2851 pu·
818 2782 922 2835 incensa
934 2785 1060 2836 cremavit
1075 2785 1150 2856 ijo
1170 2785 1255 2834 viros?
1272 2781 1314 2833 lu·

271 2874 313 2928 to,
326 2879 357 2912 ex
369 2861 527 2911 Homerico:
543 2857 634 2927 iditum
646 2857 768 2926 trinepti·
817 2865 943 2915 xuriantis
957 2879 1018 2917 sunt
1030 2867 1143 2937 iugenii3
1159 2865 1208 2916 etsi
1224 2880 1314 2932 repre·

270 2961 316 3001 nr3
330 2952 359 2990 ut
377 2939 455 3011 vulgo
475 2937 551 2992 dolor
568 2936 664 3012 infixus
677 2939 767 2992 animo
816 2940 909 2994 hensio
926 2944 1054 2998 hactenus
1073 2943 1243 2998 retractanda
1256 2953 1312 3004 est,

269 3021 375 3073 dicitur.
397 3020 521 3072 Ceterum
545 3021 572 3070 in
592 3019 634 3070 his
656 3019 767 3071 deorum
817 3021 890 3092 quotl
906 3026 1003 3077 veritas
1017 3038 1103 3076 tameu
1118 3021 1311 3075 suasententiae

269 3101 396 3154 iratorum
404 3101 491 3152 tacitis
500 3099 705 3170 cogitationibus
713 3098 767 3151 vnl-
816 3103 915 3156 subest.
933 3103 1065 3174 Exemplis
1085 3103 1143 3166 alii,
1162 3115 1192 3152 ut
1210 3099 1312 3166 Cerdo,

269 3181 302 3234 de
319 3181 370 3232 sibi
387 3180 495 3251 placent
510 3181 628 3232 Maronis
645 3179 765 3250 exemplo
816 3183 998 3236 defensionem
1016 3195 1126 3255 parunt,
1144 3183 1231 3253 primo
1251 3178 1311 3230 loco

268 3263 349 3314 ceteri
361 3274 455 3332 poete.
469 3259 511 3311 Sic
520 3259 659 3312 Ovidiusv.
669 3280 692 3312 c.
701 3261 763 3314 ltu.
815 3263 905 3328 Ennii,
928 3283 1007 3337 quem
1027 3265 1153 3336 expressit
1171 3263 1264 3326 Maro,
1282 3271 1311 3310 ut

268 3344 316 3409 lV,
327 3345 377 3410 422
388 3360 447 3413 sqq.
812 3345 867 3412 jam
881 3343 1001 3396 Macroh.
1013 3344 1063 3410 Vl,
1083 3359 1092 3394 r
1108 3342 1227 3394 monuit:
1247 3339 1311 3410 Quoe

304 3425 353 3494 ²93
369 3441 427 3494 sqq.
440 3421 529 3472 Nolim
541 3423 764 3493 poetaenimisar·
815 3442 898 3497 neque
915 3425 1060 3476 Dardaneis
1077 3422 1190 3496 campsis
1203 3431 1312 3492 potuere

266 3518 357 3576 putam
394 3504 537 3556 dictionem
568 3501 763 3554 defendendam
812 3504 916 3573 perire,
935 3503 1013 3568 Nee,
1036 3521 1097 3554 curn
1114 3513 1206 3574 capta,
1231 3498 1310 3570 capi,-

269 3586 415 3654 suscipere3
428 3584 512 3635 mullo
528 3583 659 3636 minusca
675 3582 764 3654 placet
813 3600 875 3647 nec,
894 3601 954 3634 cum
966 3583 1109 3647 combusta,
1127 3579 1244 3632 cremari.
1258 3576 1310 3630 Sed

264 3665 293 3715 in
314 3664 366 3716 dea
381 3666 457 3716 irata.
476 3665 583 3715 Ferrem
604 3661 687 3714 illud:
699 3662 763 3732 fatu
812 3663 839 3713 in
850 3664 957 3725 ceteris,
970 3663 992 3712 si
1002 3676 1072 3713 recte
1084 3661 1221 3734 Virgilium
1231 3657 1308 3723 novi,

265 3743 574 3812 contrariufntisnostris
591 3742 621 3817 li.¹
639 3744 676 3806 ei,
690 3739 763 3812 quod
812 3742 985 3812 tragicorum,
1011 3743 1130 3813 inprimis
1156 3739 1308 3812 Euripidis,

265 3821 347 3873 futale
360 3834 399 3872 est
411 3841 426 3872 a
439 3841 479 3874 me
492 3823 617 3872 constitui
632 3834 657 3872 et
669 3821 762 3872 novari
811 3819 958 3872 rhetoricos
972 3823 1080 3892 spiritus
1093 3820 1228 3873 aemulatus
1241 3830 1288 3870 est.

264 3901 293 3950 in
304 3901 480 3968 Trojanortun
492 3901 606 3952 fortunis
618 3919 705 3972 posse.
716 3901 762 3952 Est
847 3917 896 3970 297
905 3929 939 3939 -·
947 3899 1006 3952 303.
1018 3903 1050 3950 At
1058 3903 1127 3952 forte
1136 3899 1213 3951 taedio
1227 3901 1306 3961 ricta,

266 3989 354 4031 autem
373 3979 400 4029 in
424 3980 485 4030 fatis
505 3980 633 4044 lunonis,
655 3993 684 4030 ut
705 3982 761 4032 fata
808 3979 851 4032 rel
868 3979 935 4032 odiis
948 3981 1071 4052 expletis,
1089 4001 1104 4032 a
1115 3977 1305 4052 persequendis

264 4057 604 4130 Trojauorttmiutercipere
617 4057 689 4110 haud
697 4077 759 4130 pos·
808 4061 930 4129 Trojanis
943 4059 1035 4116 abillo
1052 4079 1143 4114 excise
1156 4059 1228 4112 urbis
1240 4069 1305 4110 tcm-
