3028 4682
285 355 348 400 ιιι
633 329 902 396 EXCURSUS
926 330 978 395 lv

283 472 356 511 satur
369 457 396 508 in
408 454 439 506 iis
451 451 628 526 temporibus,
640 454 668 504 in
680 453 776 524 quibus
788 454 862 506 nulla
874 454 995 507 locorum
1006 452 1150 527 appellatio
1160 469 1212 524 est,
1223 471 1270 512 aut
1278 460 1327 515 ubl

282 537 408 590 molestus
419 535 488 586 foret
499 543 588 604 poeta,
597 532 728 598 obsoleta,
740 546 765 584 et
775 552 790 584 a
801 535 925 586 carminis
935 537 1063 588 suavitate
1072 535 1159 588 aliena
1169 557 1199 590 ac
1209 537 1331 596 barbara.

282 615 391 669 nomina
403 611 549 664 excitando.
564 611 629 678 Quis
642 611 763 678 dubitet,
775 610 846 664 hano
866 611 1049 668 defensionem
1065 633 1121 668 esse
1138 620 1201 670 satis
1211 620 1326 687 justam?

282 700 380 749 Verum
395 715 428 748 ne
440 692 542 744 Lucani
553 692 675 763 quidem,
695 691 768 763 quod
787 693 893 746 Servius
910 695 960 758 ait,
979 695 1025 746 illo
1039 711 1157 767 tempore
1169 700 1197 750 in
1208 697 1249 750 his
1261 699 1327 750 locis

282 777 363 826 fuisse
378 772 508 824 videntur.
531 772 649 822 Fuerunt
670 773 740 822 enim
760 772 861 822 Lucani
881 791 896 824 a
916 772 1092 842 Samnitibus,
1104 777 1151 846 qui
1168 776 1329 830 Sabinorum

282 854 422 926 progenies
435 862 524 914 erant,
538 849 659 916 oriundi,
678 869 766 920 neque
780 852 806 900 in
818 849 874 902 haec
892 849 953 920 loca
964 866 1106 921 venerunt,
1119 857 1170 906 nisi
1185 869 1329 926 postquam

282 932 433 984 Graecorum
443 929 553 982 coloniae
565 929 667 980 ltaliam
680 930 835 981 inferiorern
843 947 975 999 occupare
984 944 1132 1002 coeperant,
1145 932 1174 984 id
1184 933 1257 1003 quod
1265 944 1329 1003 post

281 1012 397 1081 Trojana
409 1011 515 1062 demum
525 1022 647 1080 tempora
659 1011 785 1080 contigit3
800 1009 964 1078 temporibus
976 1029 1040 1063 vero
1053 1013 1176 1082 Trojanis
1190 1012 1289 1068 Cleonas
1301 1025 1328 1066 et

284 1091 427 1155 OEnotros,
440 1089 466 1142 h.
480 1109 503 1142 e.
516 1089 683 1160 Pelasgos,e
701 1088 805 1140 Gracia
826 1108 885 1140 curn
902 1091 1054 1144 Ausonibus
1071 1095 1165 1162 priscis
1184 1094 1264 1146 ltalia
1283 1113 1329 1146 co-

282 1170 352 1224 lonis
364 1172 507 1242 permixtos
521 1169 648 1234 coluisse,
663 1170 739 1220 exiis
752 1171 921 1223 manifestum
935 1184 988 1236 est,
1002 1191 1060 1243 qun
1072 1172 1167 1230 Strabo
1179 1174 1226 1226 lib.
1238 1175 1274 1224 Vl
1285 1194 1327 1245 pr.

283 1253 400 1324 exponit.
416 1250 493 1302 Circa
504 1250 552 1302 has
565 1251 636 1302 enim
647 1262 736 1322 partes
750 1268 766 1302 a
778 1250 833 1300 Lao
846 1249 908 1302 inde
921 1249 946 1301 ll.
959 1254 1046 1322 primo
1066 1272 1174 1306 accessu
1193 1254 1329 1308 OEnotrot

283 1332 431 1396 habitasse,
449 1329 573 1400 hancque
585 1332 699 1400 primam
712 1327 818 1382 ltaliam
835 1329 917 1382 inisse
930 1331 1105 1401 appellatam,
1118 1333 1170 1384 alio
1182 1333 1243 1384 loco
1259 1333 1330 1386 vidi·

284 1432 352 1466 mus.
367 1410 499 1482 (Excurs.
513 1411 573 1462 XXI
585 1409 619 1462 ad
632 1409 678 1460 lib.
691 1409 711 1459 l.
722 1409 830 1460 Excurs.
844 1411 880 1459 lv
893 1410 926 1462 ad
936 1411 981 1467 lib.
995 1413 1073 1484 Vll.)

320 1491 408 1560 Pergit
426 1490 568 1560 Dionysius
580 1488 598 1542 l.
612 1507 637 1540 c.
653 1489 681 1538 in
693 1487 811 1560 vulgari,
834 1507 914 1558 quarn
932 1507 1084 1560 proponere
1102 1491 1223 1552 volebat,
1238 1512 1333 1548 narra-

283 1574 373 1632 tione:
389 1570 528 1640 Trqjanos,
547 1587 564 1618 a
585 1565 715 1621 Palinuro
731 1578 879 1638 provectos,
898 1569 934 1620 ad
952 1569 1065 1622 insulam
1082 1571 1227 1643 appulisse,
1251 1574 1296 1624 cui
1312 1591 1329 1622 o

284 1648 401 1722 quodam
409 1647 499 1706 AErreoe
508 1645 677 1708 consobrina,
687 1663 745 1716 quc
754 1645 791 1697 ibi
799 1645 913 1709 obierat,
921 1647 1067 1713 Leucasite,
1077 1667 1122 1701 seu
1128 1687 1137 1714 ,
1147 1651 1239 1706 atsere
1249 1649 1333 1704 scribi

286 1729 366 1792 solet,
385 1729 518 1778 Leucosia
536 1743 630 1776 nomen
646 1723 796 1794 impositum
812 1725 853 1776 sit.
870 1725 1043 1778 Communior
1055 1729 1127 1781 lama
1146 1730 1180 1782 ab
1196 1749 1250 1782 una
1261 1729 1333 1782 Stre-

285 1827 363 1876 num,
372 1809 515 1874 Leucosia,
525 1823 622 1866 nomen
637 1806 741 1876 repetit.
752 1799 804 1856 Sed
816 1807 915 1858 famam
929 1809 1309 1881 navigationisTrojanorum'
1302 1830 1332 1863 ιιι

285 1889 353 1942 mari
355 1845 515 1958 ³·'Tyrrheno
519 1902 594 1956 sequi
587 1883 757 1936 'maluerunt
769 1883 823 1935 alii.
839 1885 931 1955 ltaque
948 1889 1028 1938 etiam
1039 1888 1130 1956 fuere,
1144 1908 1190 1961 qur
1182 1891 1331 1978 Troianos

285 1969 320 2022 ad
332 1965 481 2019 Sardiniam
493 1965 632 2021 adhaesisse
645 1962 789 2018 traderent
799 1963 853 2016 rid.
868 1967 979 2018 Pausan.
993 1967 1030 2032 X,
1047 1985 1085 2038 ¹7

322 2049 395 2100 Hinc
404 2047 485 2097 evecti
496 2042 738 2116 Trojuni(Dionys.
751 2045 786 2096 ib.
797 2044 830 2116 )’
821 2063 847 2095 tn
856 2045 999 2116 pule-lirum
1012 2065 1043 2098 ac
1053 2049 1216 2119 profundum
1227 2063 1333 2123 portum

289 2129 318 2180 in
330 2127 418 2199 Opicis
427 2123 438 2194 (
448 2127 493 2196 qui
506 2127 641 2176 Ausonum
655 2125 682 2175 in
699 2124 740 2175 his
760 2123 826 2199 locis¹
838 2125 954 2196 populus
968 2127 1044 2196 erat)
1056 2125 1137 2178 delati
1147 2139 1222 2189 sunt;
1235 2129 1333 2181 extinc-

287 2222 365 2282 taque
378 2205 414 2257 ibi
427 2205 547 2270 Miseno,
560 2202 644 2256 nobili
659 2203 774 2276 quodem
787 2204 841 2254 viro
852 2242 860 2271 ,
868 2215 977 2275 portum
990 2205 1022 2256 ult
1034 2223 1063 2256 eo
1075 2207 1205 2258 Misenum
1218 2207 1335 2259 denomi-

287 2299 394 2344 norunt.

322 2370 362 2421 De
377 2367 479 2418 Miseno
490 2364 609 2416 fabulam
619 2365 745 2435 Virgilius
764 2384 861 2437 magna
877 2383 938 2416 cum
953 2378 1008 2417 arte
1021 2367 1132 2416 intexuit
1145 2369 1254 2419 carmini
1266 2385 1332 2434 suo,

287 2449 334 2502 sed
345 2459 466 2498 ornatam
478 2457 504 2496 et
516 2445 658 2508 variatam,
670 2443 717 2494 lib.
729 2445 778 2509 Vl,
794 2445 841 2512 149
851 2461 909 2514 sqq.
918 2473 952 2482 —
961 2443 1019 2497 235.
1031 2444 1156 2498 Discessit
1166 2447 1200 2498 ab
1208 2447 1333 2522 aliorum,

288 2532 357 2580 inter
369 2543 436 2594 quos
446 2523 533 2573 cesar
541 2524 592 2573 fnit
604 2522 797 2574 Pontificalium
809 2527 897 2593 primo
909 2523 982 2594 apud
992 2525 1091 2574 Victor.
1104 2525 1137 2576 Ο.
1150 2525 1181 2576 G.
1194 2527 1224 2577 R.
1238 2543 1271 2595 9,
1280 2525 1333 2578 fide

290 2607 370 2660 etiam
382 2607 408 2654 in
420 2602 489 2666 hoc,
503 2600 575 2672 quod
587 2619 641 2652 non
654 2603 682 2653 in
694 2604 753 2653 sinu
766 2604 880 2668 Baiano,
893 2603 940 2656 sed
951 2604 1020 2657 ultra
1031 2605 1164 2656 Misenum
1180 2623 1270 2658 versus
1280 2606 1335 2657 Cu-

289 2703 346 2736 mas
359 2684 469 2736 classem
483 2681 621 2752 appulsam
630 2699 687 2734 esse
697 2682 790 2734 voluit.
799 2683 1010 2744 Gubernatorem
1019 2686 1194 2740 fuisseAEueae
1202 2687 1336 2740 Misenum

290 2761 431 2815 tradidisse
451 2759 576 2813 videntur
592 2760 714 2812 nonnulli
735 2760 807 2830 apud
824 2763 971 2827 Victorem,
984 2762 1052 2817 falsa
1063 2765 1130 2816 remi
1147 2764 1249 2816 t'umulo
1260 2763 1336 2816 infixi

289 2843 522 2914 interpretatione,
536 2843 582 2912 qui
594 2854 683 2892 tamen
694 2853 782 2894 nautae
795 2854 898 2895 tautum
910 2841 1128 2914 significationem
1140 2844 1257 2898 haberet.
1275 2845 1337 2898 Mo·

291 2933 445 2976 numentum
463 2933 550 2972 autem
563 2933 637 2972 vetus
651 2919 760 2985 tumuli,
776 2920 856 2973 infixo
873 2939 1020 2975 ramosum
1037 2923 1115 2987 tuba,
1133 2923 1167 2976 ad
1183 2923 1254 2976 istud
1271 2941 1337 2994 pro-

290 3002 452 3053 montorium
464 3017 521 3054 esse
531 2999 636 3060 debuit;
650 3001 699 3054 etsi
711 2999 789 3054 video
799 2999 851 3052 hoo
864 3019 970 3072 quoque
981 3020 997 3053 a
1005 3001 1140 3056 nonnullis
1151 3002 1234 3068 tradi,
1246 3002 1338 3073 ipsum,

290 3083 503 3154 promontorium
515 3080 701 3153 navigantibus
714 3082 742 3132 in
754 3081 808 3134 alto
819 3083 935 3152 speciem
945 3081 1060 3153 sepulcri
1069 3082 1195 3174 prebere,

325 3164 414 3230 Quum
426 3163 521 3214 AEnens
534 3161 568 3216 ad
584 3162 645 3214 loca
660 3159 715 3214 haec
732 3161 812 3217 semel
826 3161 956 3214 adductus
969 3176 1037 3218 esset
1051 3183 1066 3216 a
1082 3177 1175 3234 poeta,
1188 3165 1287 3234 ingenit
1280 3161 1367 3226 ad'¹

290 3243 483 3298 convertendas
492 3263 521 3296 ιιι
533 3262 589 3294 rem
602 3261 677 3296 suam
687 3254 805 3294 veterum
817 3255 955 3316 poetarum
966 3244 1071 3296 fabulas
1081 3245 1214 3315 preclari,
1228 3243 1337 3320 Necyioe

291 3324 335 3377 ille
347 3323 512 3376 Homericoe'
505 3341 532 3373 ιιι
544 3322 605 3374 his'
598 3325 661 3394 ipsis
674 3323 740 3376 locis
754 3337 870 3376 tractata
887 3343 1001 3389 mernor,
1013 3339 1042 3378 ut
1054 3327 1231 3378 narrationem
1245 3315 1337 3376 tamen
1356 3349 1358 3352 ·

290 3406 419 3468 variaret,
432 3421 485 3454 nou
493 3404 611 3456 Manium
625 3405 821 3468 evocationem,
835 3403 881 3456 sed
891 3404 925 3456 sd
937 3423 982 3457 eos
997 3404 1153 3472 descensum
1164 3405 1251 3456 AEneae
1262 3421 1340 3460 com-

292 3486 396 3536 minisci
413 3484 517 3545 maluit;
543 3484 682 3536 Homerico
700 3496 788 3538 tamen
808 3482 926 3554 exemplo
942 3484 1101 3555 praelucente
1120 3483 1236 3554 quodam
1253 3481 1335 3534 modo

293 3566 373 3616 etiam
391 3566 419 3615 in
438 3563 479 3616 his
499 3563 594 3636 Odyss.
614 3585 640 3616 o.
659 3564 745 3635 Atque
757 3563 801 3614 hic
814 3563 954 3616 commode
966 3566 994 3616 in
1010 3562 1177 3617 Platonicam
1189 3563 1337 3616 doctrinam

293 3643 399 3704 incidie
413 3642 446 3694 de
459 3661 512 3713 quo
526 3643 578 3696 alio
588 3643 707 3696 Excursu
717 3644 865 3714 expositum
877 3655 923 3694 est.

328 3723 408 3790 Quod
419 3737 505 3776 autem
517 3723 551 3776 ad
563 3721 691 3793 Sibyllam
705 3735 822 3795 spectat,
834 3723 903 3774 banc
916 3736 996 3794 poeta
1009 3742 1040 3776 ex
1052 3723 1263 3795 antiquioribus,
1276 3739 1337 3792 quse

294 3812 349 3850 tum
361 3803 501 3874 vigebant,
514 3803 611 3856 fabulis
623 3805 714 3875 petiit,
728 3822 782 3855 non
793 3805 894 3874 primns
907 3805 1072 3877 excogitavit.
1083 3807 1122 3856 En
1132 3805 1221 3856 locum
1233 3822 1263 3855 ex
1274 3805 1339 3854 Vic-

294 3894 350 3932 tore
361 3880 394 3933 de
403 3882 436 3933 0·
447 3883 478 3936 G.
487 3885 517 3936 ll.
528 3903 551 3936 c.
566 3901 596 3938 to
604 3884 841 3956 Adduntproetereu
849 3886 956 3956 quidum
967 3887 1080 3938 AErreom
1090 3886 1117 3936 in
1128 3885 1203 3936 litore
1213 3882 1339 3956 (Baiano)

293 3958 393 4013 Euxini
407 3962 541 4031 cujusdam
549 3965 648 4016 comitis
658 3975 765 4016 matrem
778 3962 871 4022 ultirno
881 3966 963 4018 utatis
973 3965 1099 4036 affectam
1108 4003 1116 4030 ,
1124 3965 1193 4016 circu
1202 3975 1338 4035 stuporum,

294 4039 364 4112 quod
374 4049 410 4092 est
422 4038 490 4091 inter
501 4040 623 4094 Misenoa
640 4042 836 4119 Avemumque,
850 4045 984 4112 extulisse,
1002 4057 1081 4117 atque
1094 4045 1153 4096 inde
1170 4043 1226 4097 loco
1240 4057 1339 4100 nomeu
