<?xml version="1.0" encoding="UTF-8"?>
<!DOCTYPE html PUBLIC "-//W3C//DTD XHTML 1.0 Transitional//EN"
    "http://www.w3.org/TR/xhtml1/DTD/xhtml1-transitional.dtd">
<html xmlns="http://www.w3.org/1999/xhtml" xml:lang="en" lang="en">
 <head>
  <title>
</title>
<meta http-equiv="Content-Type" content="text/html;charset=utf-8" />
  <meta name='ocr-system' content='tesseract 3.04.00' />
  <meta name='ocr-capabilities' content='ocr_page ocr_carea ocr_par ocr_line ocrx_word'/>
</head>
<body>
  <div class='ocr_page' id='page_1' title='image "./pvirgiliusmaroq05barbgoog_0377.png"; bbox 0 0 2968 4696; ppageno 0'>
   <div class='ocr_carea' id='block_1_1' title="bbox 483 403 1204 510">
    <p class='ocr_par' dir='ltr' id='par_1_1' title="bbox 483 403 1204 510">
     <span class='ocr_line' id='line_1_1' title="bbox 483 403 1204 510; baseline -0.003 -40"><span class='ocrx_word' id='word_1_1' title='bbox 483 407 545 472; x_wconf 74' lang='lat' dir='ltr'>sn</span> <span class='ocrx_word' id='word_1_2' title='bbox 569 403 771 470; x_wconf 78' lang='grc' dir='ltr'>ιιιιιιιιιι</span> <span class='ocrx_word' id='word_1_3' title='bbox 792 406 879 470; x_wconf 75' lang='grc' dir='ltr'>ιιι.</span> <span class='ocrx_word' id='word_1_4' title='bbox 1142 417 1204 510; x_wconf 78' lang='lat'>3⁶7</span> 
     </span>
    </p>
   </div>
   <div class='ocr_carea' id='block_1_2' title="bbox 163 525 1261 4200">
    <p class='ocr_par' dir='ltr' id='par_1_2' title="bbox 163 525 1210 922">
     <span class='ocr_line' id='line_1_2' title="bbox 165 525 1207 609; baseline 0.002 -25"><span class='ocrx_word' id='word_1_5' title='bbox 165 530 352 604; x_wconf 85' lang='lat' dir='ltr'>ruutpostbsec</span> <span class='ocrx_word' id='word_1_6' title='bbox 360 529 518 602; x_wconf 72' lang='lat' dir='ltr'>Aborigines</span> <span class='ocrx_word' id='word_1_7' title='bbox 526 529 577 581; x_wconf 88' lang='lat' dir='ltr'>sub</span> <span class='ocrx_word' id='word_1_8' title='bbox 585 529 741 583; x_wconf 77' lang='lat' dir='ltr'>latinorum</span> <span class='ocrx_word' id='word_1_9' title='bbox 751 529 873 596; x_wconf 84' lang='lat' dir='ltr'>nomine,</span> <span class='ocrx_word' id='word_1_10' title='bbox 884 525 1207 609; x_wconf 59' lang='lat' dir='ltr'>quodprincipioprnm</span> 
     </span>
     <span class='ocr_line' id='line_1_3' title="bbox 165 608 1207 684; baseline 0.004 -20"><span class='ocrx_word' id='word_1_11' title='bbox 165 625 269 664; x_wconf 88' lang='lat' dir='ltr'>tuntum</span> <span class='ocrx_word' id='word_1_12' title='bbox 282 611 389 684; x_wconf 79' lang='lat' dir='ltr'>populi,</span> <span class='ocrx_word' id='word_1_13' title='bbox 407 610 453 682; x_wconf 89' lang='lat' dir='ltr'>qni</span> <span class='ocrx_word' id='word_1_14' title='bbox 470 610 520 662; x_wconf 92' lang='lat' dir='ltr'>sub</span> <span class='ocrx_word' id='word_1_15' title='bbox 541 627 604 681; x_wconf 88' lang='lat' dir='ltr'>rege</span> <span class='ocrx_word' id='word_1_16' title='bbox 615 621 687 674; x_wconf 78' lang='lat' dir='ltr'>eret,</span> <span class='ocrx_word' id='word_1_17' title='bbox 707 608 876 681; x_wconf 71' lang='lat' dir='ltr'>designasse,</span> <span class='ocrx_word' id='word_1_18' title='bbox 894 627 958 674; x_wconf 83' lang='lat' dir='ltr'>uec,</span> <span class='ocrx_word' id='word_1_19' title='bbox 976 613 1026 664; x_wconf 91' lang='lat' dir='ltr'>nisi</span> <span class='ocrx_word' id='word_1_20' title='bbox 1043 615 1207 676; x_wconf 68' lang='lat' dir='ltr'>Albanorum</span> 
     </span>
     <span class='ocr_line' id='line_1_4' title="bbox 163 687 1209 766; baseline 0.003 -26"><span class='ocrx_word' id='word_1_21' title='bbox 163 708 258 762; x_wconf 85' lang='lat' dir='ltr'>regum</span> <span class='ocrx_word' id='word_1_22' title='bbox 272 689 452 742; x_wconf 74' lang='lat' dir='ltr'>crescentibus</span> <span class='ocrx_word' id='word_1_23' title='bbox 465 689 576 760; x_wconf 88' lang='lat' dir='ltr'>opibus,</span> <span class='ocrx_word' id='word_1_24' title='bbox 589 687 671 740; x_wconf 89' lang='lat' dir='ltr'>latius</span> <span class='ocrx_word' id='word_1_25' title='bbox 680 701 774 760; x_wconf 85' lang='lat' dir='ltr'>patero</span> <span class='ocrx_word' id='word_1_26' title='bbox 786 689 900 758; x_wconf 83' lang='lat' dir='ltr'>coepisse</span> <span class='ocrx_word' id='word_1_27' title='bbox 910 687 1023 742; x_wconf 80' lang='lat' dir='ltr'>videtur.</span> <span class='ocrx_word' id='word_1_28' title='bbox 1033 692 1157 766; x_wconf 59' lang='lat' dir='ltr'>Virgilius</span> <span class='ocrx_word' id='word_1_29' title='bbox 1166 715 1209 754; x_wconf 52' lang='grc' dir='ltr'>ιε.</span> 
     </span>
     <span class='ocr_line' id='line_1_5' title="bbox 165 769 1210 846; baseline 0.004 -24"><span class='ocrx_word' id='word_1_30' title='bbox 165 788 242 834; x_wconf 85' lang='lat' dir='ltr'>men,</span> <span class='ocrx_word' id='word_1_31' title='bbox 255 783 283 822; x_wconf 90' lang='lat' dir='ltr'>ut</span> <span class='ocrx_word' id='word_1_32' title='bbox 298 785 393 841; x_wconf 81' lang='lat' dir='ltr'>poeto,</span> <span class='ocrx_word' id='word_1_33' title='bbox 405 773 461 840; x_wconf 86' lang='lat' dir='ltr'>jam</span> <span class='ocrx_word' id='word_1_34' title='bbox 472 771 560 822; x_wconf 76' lang='lat' dir='ltr'>AEneae</span> <span class='ocrx_word' id='word_1_35' title='bbox 573 782 694 840; x_wconf 84' lang='lat' dir='ltr'>ternpore</span> <span class='ocrx_word' id='word_1_36' title='bbox 712 769 817 822; x_wconf 81' lang='lat' dir='ltr'>Latium</span> <span class='ocrx_word' id='word_1_37' title='bbox 836 781 862 820; x_wconf 90' lang='lat' dir='ltr'>et</span> <span class='ocrx_word' id='word_1_38' title='bbox 879 769 987 824; x_wconf 86' lang='lat' dir='ltr'>Latinos</span> <span class='ocrx_word' id='word_1_39' title='bbox 1000 783 1210 846; x_wconf 68' lang='lat' dir='ltr'>exsequentium</span> 
     </span>
     <span class='ocr_line' id='line_1_6' title="bbox 166 849 735 922; baseline -0.002 -22"><span class='ocrx_word' id='word_1_40' title='bbox 166 861 317 922; x_wconf 87' lang='lat' dir='ltr'>temporum</span> <span class='ocrx_word' id='word_1_41' title='bbox 329 850 485 903; x_wconf 87' lang='lat' dir='ltr'>conditione</span> <span class='ocrx_word' id='word_1_42' title='bbox 498 850 627 902; x_wconf 77' lang='lat' dir='ltr'>estimare</span> <span class='ocrx_word' id='word_1_43' title='bbox 639 849 735 920; x_wconf 90' lang='lat' dir='ltr'>potuit.</span> 
     </span>
    </p>

    <p class='ocr_par' dir='ltr' id='par_1_3' title="bbox 166 926 1247 1638">
     <span class='ocr_line' id='line_1_7' title="bbox 202 926 1211 1001; baseline 0.012 -22"><span class='ocrx_word' id='word_1_44' title='bbox 202 926 392 999; x_wconf 86' lang='lat' dir='ltr'>Antiquiorusu</span> <span class='ocrx_word' id='word_1_45' title='bbox 401 942 554 994; x_wconf 80' lang='lat' dir='ltr'>auctorum,</span> <span class='ocrx_word' id='word_1_46' title='bbox 566 947 632 1000; x_wconf 83' lang='lat' dir='ltr'>quos</span> <span class='ocrx_word' id='word_1_47' title='bbox 639 928 782 1000; x_wconf 69' lang='lat' dir='ltr'>Dionysius</span> <span class='ocrx_word' id='word_1_48' title='bbox 792 929 943 1000; x_wconf 77' lang='lat' dir='ltr'>exscripsit,</span> <span class='ocrx_word' id='word_1_49' title='bbox 953 929 1005 984; x_wconf 78' lang='lat' dir='ltr'>fide</span> <span class='ocrx_word' id='word_1_50' title='bbox 1015 947 1132 1001; x_wconf 69' lang='lat' dir='ltr'>conant,</span> <span class='ocrx_word' id='word_1_51' title='bbox 1143 939 1211 994; x_wconf 74' lang='lat' dir='ltr'>Ato-</span> 
     </span>
     <span class='ocr_line' id='line_1_8' title="bbox 167 1007 1212 1082; baseline 0.012 -24"><span class='ocrx_word' id='word_1_52' title='bbox 167 1007 282 1079; x_wconf 76' lang='lat' dir='ltr'>ripinum</span> <span class='ocrx_word' id='word_1_53' title='bbox 295 1011 427 1062; x_wconf 77' lang='lat' dir='ltr'>memoria</span> <span class='ocrx_word' id='word_1_54' title='bbox 440 1023 466 1062; x_wconf 90' lang='lat' dir='ltr'>et</span> <span class='ocrx_word' id='word_1_55' title='bbox 474 1009 590 1062; x_wconf 86' lang='lat' dir='ltr'>nominis</span> <span class='ocrx_word' id='word_1_56' title='bbox 598 1009 688 1076; x_wconf 84' lang='lat' dir='ltr'>prima</span> <span class='ocrx_word' id='word_1_57' title='bbox 697 1009 804 1082; x_wconf 68' lang='lat' dir='ltr'>vestigia</span> <span class='ocrx_word' id='word_1_58' title='bbox 814 1011 887 1062; x_wconf 86' lang='lat' dir='ltr'>circa</span> <span class='ocrx_word' id='word_1_59' title='bbox 898 1012 993 1076; x_wconf 85' lang='lat' dir='ltr'>Reate,</span> <span class='ocrx_word' id='word_1_60' title='bbox 1006 1010 1078 1068; x_wconf 86' lang='lat' dir='ltr'>ultra</span> <span class='ocrx_word' id='word_1_61' title='bbox 1089 1017 1212 1076; x_wconf 81' lang='lat' dir='ltr'>Velinum</span> 
     </span>
     <span class='ocr_line' id='line_1_9' title="bbox 166 1085 1213 1156; baseline 0.011 -18"><span class='ocrx_word' id='word_1_62' title='bbox 166 1085 255 1138; x_wconf 82' lang='lat' dir='ltr'>lacum</span> <span class='ocrx_word' id='word_1_63' title='bbox 266 1101 291 1140; x_wconf 84' lang='lat' dir='ltr'>et</span> <span class='ocrx_word' id='word_1_64' title='bbox 304 1089 427 1156; x_wconf 82' lang='lat' dir='ltr'>flurium,</span> <span class='ocrx_word' id='word_1_65' title='bbox 437 1092 468 1141; x_wconf 87' lang='lat' dir='ltr'>in</span> <span class='ocrx_word' id='word_1_66' title='bbox 479 1088 587 1142; x_wconf 89' lang='lat' dir='ltr'>Umbris</span> <span class='ocrx_word' id='word_1_67' title='bbox 599 1107 749 1143; x_wconf 79' lang='lat' dir='ltr'>occurrere.</span> <span class='ocrx_word' id='word_1_68' title='bbox 762 1089 800 1140; x_wconf 83' lang='lat' dir='ltr'>Es</span> <span class='ocrx_word' id='word_1_69' title='bbox 809 1088 851 1144; x_wconf 88' lang='lat' dir='ltr'>bis</span> <span class='ocrx_word' id='word_1_70' title='bbox 863 1089 929 1142; x_wconf 86' lang='lat' dir='ltr'>locis</span> <span class='ocrx_word' id='word_1_71' title='bbox 939 1109 1030 1146; x_wconf 82' lang='lat' dir='ltr'>versus</span> <span class='ocrx_word' id='word_1_72' title='bbox 1043 1111 1115 1148; x_wconf 86' lang='lat' dir='ltr'>ruere</span> <span class='ocrx_word' id='word_1_73' title='bbox 1126 1099 1213 1154; x_wconf 76' lang='lat' dir='ltr'>vicina</span> 
     </span>
     <span class='ocr_line' id='line_1_10' title="bbox 169 1168 1214 1240; baseline 0.011 -22"><span class='ocrx_word' id='word_1_74' title='bbox 169 1184 279 1240; x_wconf 74' lang='lat' dir='ltr'>queque</span> <span class='ocrx_word' id='word_1_75' title='bbox 294 1169 420 1240; x_wconf 81' lang='lat' dir='ltr'>deinceps</span> <span class='ocrx_word' id='word_1_76' title='bbox 438 1181 592 1234; x_wconf 78' lang='lat' dir='ltr'>tenuerant,</span> <span class='ocrx_word' id='word_1_77' title='bbox 608 1183 634 1220; x_wconf 93' lang='lat' dir='ltr'>et</span> <span class='ocrx_word' id='word_1_78' title='bbox 648 1170 677 1220; x_wconf 92' lang='lat' dir='ltr'>in</span> <span class='ocrx_word' id='word_1_79' title='bbox 690 1168 785 1222; x_wconf 86' lang='lat' dir='ltr'>iisdem</span> <span class='ocrx_word' id='word_1_80' title='bbox 796 1168 863 1222; x_wconf 87' lang='lat' dir='ltr'>locis</span> <span class='ocrx_word' id='word_1_81' title='bbox 882 1170 957 1240; x_wconf 83' lang='lat' dir='ltr'>plura</span> <span class='ocrx_word' id='word_1_82' title='bbox 975 1171 1035 1226; x_wconf 84' lang='lat' dir='ltr'>locs</span> <span class='ocrx_word' id='word_1_83' title='bbox 1054 1191 1145 1228; x_wconf 87' lang='lat' dir='ltr'>eorum</span> <span class='ocrx_word' id='word_1_84' title='bbox 1158 1197 1214 1233; x_wconf 84' lang='lat' dir='ltr'>me-</span> 
     </span>
     <span class='ocr_line' id='line_1_11' title="bbox 168 1247 1214 1328; baseline 0.006 -32"><span class='ocrx_word' id='word_1_85' title='bbox 168 1248 283 1300; x_wconf 76' lang='lat' dir='ltr'>moritur</span> <span class='ocrx_word' id='word_1_86' title='bbox 290 1249 433 1302; x_wconf 80' lang='lat' dir='ltr'>servabant</span> <span class='ocrx_word' id='word_1_87' title='bbox 442 1249 565 1320; x_wconf 67' lang='lat' dir='ltr'>Dionysii</span> <span class='ocrx_word' id='word_1_88' title='bbox 574 1247 661 1302; x_wconf 82' lang='lat' dir='ltr'>adbuc</span> <span class='ocrx_word' id='word_1_89' title='bbox 669 1261 806 1319; x_wconf 81' lang='lat' dir='ltr'>tempore,</span> <span class='ocrx_word' id='word_1_90' title='bbox 818 1247 1020 1319; x_wconf 81' lang='lat' dir='ltr'>quemtidelib.</span> <span class='ocrx_word' id='word_1_91' title='bbox 1032 1253 1057 1316; x_wconf 78' lang='lat' dir='ltr'>l,</span> <span class='ocrx_word' id='word_1_92' title='bbox 1068 1271 1090 1306; x_wconf 89' lang='lat' dir='ltr'>c.</span> <span class='ocrx_word' id='word_1_93' title='bbox 1102 1255 1214 1328; x_wconf 62' lang='lat' dir='ltr'>¹l*¹72</span> 
     </span>
     <span class='ocr_line' id='line_1_12' title="bbox 173 1325 1214 1406; baseline 0.011 -29"><span class='ocrx_word' id='word_1_94' title='bbox 173 1325 203 1378; x_wconf 80' lang='lat' dir='ltr'>rs</span> <span class='ocrx_word' id='word_1_95' title='bbox 214 1345 276 1378; x_wconf 82' lang='lat' dir='ltr'>cunr</span> <span class='ocrx_word' id='word_1_96' title='bbox 287 1329 509 1385; x_wconf 76' lang='lat' dir='ltr'>illustrationibus</span> <span class='ocrx_word' id='word_1_97' title='bbox 522 1328 657 1390; x_wconf 76' lang='lat' dir='ltr'>locorumt</span> <span class='ocrx_word' id='word_1_98' title='bbox 669 1345 735 1398; x_wconf 85' lang='lat' dir='ltr'>quss</span> <span class='ocrx_word' id='word_1_99' title='bbox 746 1327 820 1382; x_wconf 84' lang='lat' dir='ltr'>dedit</span> <span class='ocrx_word' id='word_1_100' title='bbox 835 1330 888 1399; x_wconf 76' lang='lat' dir='ltr'>Cup</span> <span class='ocrx_word' id='word_1_101' title='bbox 900 1329 1003 1382; x_wconf 73' lang='lat' dir='ltr'>Martie</span> <span class='ocrx_word' id='word_1_102' title='bbox 1011 1330 1043 1383; x_wconf 85' lang='lat' dir='ltr'>de</span> <span class='ocrx_word' id='word_1_103' title='bbox 1054 1331 1164 1406; x_wconf 81' lang='lat' dir='ltr'>Cltoupy</span> <span class='ocrx_word' id='word_1_104' title='bbox 1172 1337 1214 1406; x_wconf 78' lang='lat' dir='ltr'>(in</span> 
     </span>
     <span class='ocr_line' id='line_1_13' title="bbox 169 1405 1216 1479; baseline 0.012 -23"><span class='ocrx_word' id='word_1_105' title='bbox 169 1405 329 1458; x_wconf 82' lang='lat' dir='ltr'>Decoueerte</span> <span class='ocrx_word' id='word_1_106' title='bbox 339 1409 370 1460; x_wconf 81' lang='lat' dir='ltr'>de</span> <span class='ocrx_word' id='word_1_107' title='bbox 378 1405 404 1458; x_wconf 84' lang='lat' dir='ltr'>la</span> <span class='ocrx_word' id='word_1_108' title='bbox 413 1407 519 1460; x_wconf 72' lang='lat' dir='ltr'>Metron</span> <span class='ocrx_word' id='word_1_109' title='bbox 529 1406 669 1472; x_wconf 77' lang='lat' dir='ltr'>d&#39;lleruce,</span> <span class='ocrx_word' id='word_1_110' title='bbox 680 1407 755 1458; x_wconf 87' lang='lat' dir='ltr'>Tom.</span> <span class='ocrx_word' id='word_1_111' title='bbox 766 1408 851 1478; x_wconf 88' lang='lat' dir='ltr'>lll‚p.</span> <span class='ocrx_word' id='word_1_112' title='bbox 866 1424 913 1460; x_wconf 78' lang='grc' dir='ltr'>ιιι</span> <span class='ocrx_word' id='word_1_113' title='bbox 927 1408 1012 1479; x_wconf 80' lang='lat' dir='ltr'>sqq).</span> <span class='ocrx_word' id='word_1_114' title='bbox 1023 1411 1058 1461; x_wconf 88' lang='lat' dir='ltr'>Ut</span> <span class='ocrx_word' id='word_1_115' title='bbox 1066 1411 1133 1466; x_wconf 86' lang='lat' dir='ltr'>adeo</span> <span class='ocrx_word' id='word_1_116' title='bbox 1143 1415 1216 1468; x_wconf 86' lang='lat' dir='ltr'>Abn-</span> 
     </span>
     <span class='ocr_line' id='line_1_14' title="bbox 168 1485 1247 1560; baseline 0.01 -25"><span class='ocrx_word' id='word_1_117' title='bbox 168 1485 285 1556; x_wconf 82' lang='lat' dir='ltr'>riginum</span> <span class='ocrx_word' id='word_1_118' title='bbox 297 1505 395 1541; x_wconf 82' lang='lat' dir='ltr'>nomen</span> <span class='ocrx_word' id='word_1_119' title='bbox 407 1489 442 1542; x_wconf 90' lang='lat' dir='ltr'>ad</span> <span class='ocrx_word' id='word_1_120' title='bbox 452 1507 534 1540; x_wconf 84' lang='lat' dir='ltr'>unum</span> <span class='ocrx_word' id='word_1_121' title='bbox 542 1489 658 1560; x_wconf 77' lang='lat' dir='ltr'>aliquem</span> <span class='ocrx_word' id='word_1_122' title='bbox 669 1506 724 1540; x_wconf 89' lang='lat' dir='ltr'>uon</span> <span class='ocrx_word' id='word_1_123' title='bbox 733 1487 811 1542; x_wconf 82' lang='lat' dir='ltr'>valde</span> <span class='ocrx_word' id='word_1_124' title='bbox 822 1501 969 1559; x_wconf 79' lang='lat' dir='ltr'>potentem,</span> <span class='ocrx_word' id='word_1_125' title='bbox 980 1503 1025 1542; x_wconf 87' lang='lat' dir='ltr'>sut</span> <span class='ocrx_word' id='word_1_126' title='bbox 1033 1490 1085 1544; x_wconf 86' lang='lat' dir='ltr'>late</span> <span class='ocrx_word' id='word_1_127' title='bbox 1093 1491 1215 1552; x_wconf 79' lang='lat' dir='ltr'>habitan-</span> <span class='ocrx_word' id='word_1_128' title='bbox 1243 1545 1247 1559; x_wconf 57' lang='grc'>,</span> 
     </span>
     <span class='ocr_line' id='line_1_15' title="bbox 170 1566 1094 1638; baseline 0.004 -25"><span class='ocrx_word' id='word_1_129' title='bbox 170 1574 223 1614; x_wconf 86' lang='lat' dir='ltr'>tem</span> <span class='ocrx_word' id='word_1_130' title='bbox 235 1566 365 1636; x_wconf 82' lang='lat' dir='ltr'>populum</span> <span class='ocrx_word' id='word_1_131' title='bbox 378 1579 511 1638; x_wconf 78' lang='lat' dir='ltr'>spectasse</span> <span class='ocrx_word' id='word_1_132' title='bbox 523 1567 684 1620; x_wconf 79' lang='lat' dir='ltr'>accessesit.</span> <span class='ocrx_word' id='word_1_133' title='bbox 1090 1629 1094 1636; x_wconf 35' lang='grc' dir='ltr'>Ι</span> 
     </span>
    </p>

    <p class='ocr_par' dir='ltr' id='par_1_4' title="bbox 169 1643 1224 2833">
     <span class='ocr_line' id='line_1_16' title="bbox 204 1643 1217 1717; baseline 0.01 -23"><span class='ocrx_word' id='word_1_134' title='bbox 204 1643 309 1698; x_wconf 79' lang='lat' dir='ltr'>Mettus</span> <span class='ocrx_word' id='word_1_135' title='bbox 322 1663 382 1700; x_wconf 86' lang='lat' dir='ltr'>cuns</span> <span class='ocrx_word' id='word_1_136' title='bbox 399 1647 522 1698; x_wconf 83' lang='lat' dir='ltr'>barbaris</span> <span class='ocrx_word' id='word_1_137' title='bbox 539 1646 592 1698; x_wconf 85' lang='lat' dir='ltr'>illis</span> <span class='ocrx_word' id='word_1_138' title='bbox 605 1645 757 1716; x_wconf 85' lang='lat' dir='ltr'>promiscue</span> <span class='ocrx_word' id='word_1_139' title='bbox 772 1643 928 1696; x_wconf 72' lang='lat' dir='ltr'>habitarunt</span> <span class='ocrx_word' id='word_1_140' title='bbox 944 1645 1063 1717; x_wconf 64' lang='lat' dir='ltr'>Pelasgis</span> <span class='ocrx_word' id='word_1_141' title='bbox 1084 1661 1182 1706; x_wconf 86' lang='lat' dir='ltr'>terram</span> <span class='ocrx_word' id='word_1_142' title='bbox 1200 1671 1217 1708; x_wconf 87' lang='lat' dir='ltr'>n</span> 
     </span>
     <span class='ocr_line' id='line_1_17' title="bbox 169 1723 1218 1802; baseline 0.009 -28"><span class='ocrx_word' id='word_1_143' title='bbox 169 1723 277 1795; x_wconf 87' lang='lat' dir='ltr'>populis</span> <span class='ocrx_word' id='word_1_144' title='bbox 296 1743 344 1796; x_wconf 92' lang='lat' dir='ltr'>per</span> <span class='ocrx_word' id='word_1_145' title='bbox 360 1727 517 1780; x_wconf 82' lang='lat' dir='ltr'>solitudines</span> <span class='ocrx_word' id='word_1_146' title='bbox 534 1725 688 1779; x_wconf 82' lang='lat' dir='ltr'>errantibus</span> <span class='ocrx_word' id='word_1_147' title='bbox 702 1724 771 1780; x_wconf 79' lang='lat' dir='ltr'>mule</span> <span class='ocrx_word' id='word_1_148' title='bbox 787 1724 936 1780; x_wconf 84' lang='lat' dir='ltr'>habitatura</span> <span class='ocrx_word' id='word_1_149' title='bbox 954 1726 1034 1778; x_wconf 83' lang='lat' dir='ltr'>laeile</span> <span class='ocrx_word' id='word_1_150' title='bbox 1051 1745 1218 1802; x_wconf 83' lang='lat' dir='ltr'>occuparunt</span> 
     </span>
     <span class='ocr_line' id='line_1_18' title="bbox 170 1801 1218 1876; baseline 0.008 -22"><span class='ocrx_word' id='word_1_151' title='bbox 170 1801 295 1868; x_wconf 63' lang='lat' dir='ltr'>advena,</span> <span class='ocrx_word' id='word_1_152' title='bbox 314 1817 342 1856; x_wconf 92' lang='lat' dir='ltr'>ut</span> <span class='ocrx_word' id='word_1_153' title='bbox 358 1807 455 1858; x_wconf 88' lang='lat' dir='ltr'>nostris</span> <span class='ocrx_word' id='word_1_154' title='bbox 472 1805 594 1858; x_wconf 79' lang='lat' dir='ltr'>rotatibus</span> <span class='ocrx_word' id='word_1_155' title='bbox 612 1804 770 1860; x_wconf 74' lang='lat' dir='ltr'>Amerinoru-</span> <span class='ocrx_word' id='word_1_156' title='bbox 787 1801 894 1874; x_wconf 75' lang='lat' dir='ltr'>Pelasgi</span> <span class='ocrx_word' id='word_1_157' title='bbox 911 1821 966 1873; x_wconf 91' lang='lat' dir='ltr'>qua</span> <span class='ocrx_word' id='word_1_158' title='bbox 982 1805 1084 1874; x_wconf 82' lang='lat' dir='ltr'>origiue</span> <span class='ocrx_word' id='word_1_159' title='bbox 1101 1811 1218 1876; x_wconf 76' lang='lat' dir='ltr'>fuerim,</span> 
     </span>
     <span class='ocr_line' id='line_1_19' title="bbox 170 1881 1218 1954; baseline 0.011 -23"><span class='ocrx_word' id='word_1_160' title='bbox 170 1881 291 1932; x_wconf 87' lang='lat' dir='ltr'>noudum</span> <span class='ocrx_word' id='word_1_161' title='bbox 302 1885 447 1954; x_wconf 83' lang='lat' dir='ltr'>quicquam</span> <span class='ocrx_word' id='word_1_162' title='bbox 458 1887 523 1940; x_wconf 82' lang='lat' dir='ltr'>satis</span> <span class='ocrx_word' id='word_1_163' title='bbox 533 1883 665 1954; x_wconf 78' lang='lat' dir='ltr'>explorati</span> <span class='ocrx_word' id='word_1_164' title='bbox 677 1881 773 1936; x_wconf 88' lang='lat' dir='ltr'>habeo.</span> <span class='ocrx_word' id='word_1_165' title='bbox 787 1883 826 1932; x_wconf 80' lang='lat' dir='ltr'>Ex</span> <span class='ocrx_word' id='word_1_166' title='bbox 839 1882 959 1944; x_wconf 78' lang='lat' dir='ltr'>Thracias</span> <span class='ocrx_word' id='word_1_167' title='bbox 972 1884 1080 1953; x_wconf 83' lang='lat' dir='ltr'>quidem</span> <span class='ocrx_word' id='word_1_168' title='bbox 1092 1885 1158 1940; x_wconf 89' lang='lat' dir='ltr'>locis</span> <span class='ocrx_word' id='word_1_169' title='bbox 1172 1909 1218 1943; x_wconf 84' lang='lat' dir='ltr'>eos</span> 
     </span>
     <span class='ocr_line' id='line_1_20' title="bbox 170 1957 1219 2032; baseline 0.01 -20"><span class='ocrx_word' id='word_1_170' title='bbox 170 1959 198 2010; x_wconf 91' lang='lat' dir='ltr'>iu</span> <span class='ocrx_word' id='word_1_171' title='bbox 212 1961 340 2016; x_wconf 73' lang='lat' dir='ltr'>Graeciam</span> <span class='ocrx_word' id='word_1_172' title='bbox 354 1963 523 2018; x_wconf 77' lang='lat' dir='ltr'>descendisse</span> <span class='ocrx_word' id='word_1_173' title='bbox 540 1965 605 2016; x_wconf 85' lang='lat' dir='ltr'>satis</span> <span class='ocrx_word' id='word_1_174' title='bbox 621 1957 720 2032; x_wconf 83' lang='lat' dir='ltr'>liquet;</span> <span class='ocrx_word' id='word_1_175' title='bbox 736 1962 822 2031; x_wconf 85' lang='lat' dir='ltr'>liquet</span> <span class='ocrx_word' id='word_1_176' title='bbox 833 1963 914 2016; x_wconf 80' lang='lat' dir='ltr'>etiam</span> <span class='ocrx_word' id='word_1_177' title='bbox 930 1961 1001 2028; x_wconf 87' lang='lat' dir='ltr'>hoo,</span> <span class='ocrx_word' id='word_1_178' title='bbox 1018 1983 1033 2016; x_wconf 85' lang='lat' dir='ltr'>e</span> <span class='ocrx_word' id='word_1_179' title='bbox 1050 1965 1219 2024; x_wconf 81' lang='lat' dir='ltr'>Phoenicibus</span> 
     </span>
     <span class='ocr_line' id='line_1_21' title="bbox 172 2041 1221 2111; baseline 0.006 -21"><span class='ocrx_word' id='word_1_180' title='bbox 172 2057 219 2091; x_wconf 86' lang='lat' dir='ltr'>eos</span> <span class='ocrx_word' id='word_1_181' title='bbox 235 2041 360 2094; x_wconf 81' lang='lat' dir='ltr'>habuisse</span> <span class='ocrx_word' id='word_1_182' title='bbox 375 2043 481 2104; x_wconf 81' lang='lat' dir='ltr'>literos;</span> <span class='ocrx_word' id='word_1_183' title='bbox 498 2042 570 2094; x_wconf 90' lang='lat' dir='ltr'>uude</span> <span class='ocrx_word' id='word_1_184' title='bbox 587 2055 676 2094; x_wconf 86' lang='lat' dir='ltr'>tamen</span> <span class='ocrx_word' id='word_1_185' title='bbox 692 2059 835 2110; x_wconf 82' lang='lat' dir='ltr'>perperam</span> <span class='ocrx_word' id='word_1_186' title='bbox 851 2041 1001 2111; x_wconf 78' lang='lat' dir='ltr'>colligitur,</span> <span class='ocrx_word' id='word_1_187' title='bbox 1023 2062 1068 2096; x_wconf 89' lang='lat' dir='ltr'>eos</span> <span class='ocrx_word' id='word_1_188' title='bbox 1085 2046 1221 2100; x_wconf 76' lang='lat' dir='ltr'>Pboenicia</span> 
     </span>
     <span class='ocr_line' id='line_1_22' title="bbox 174 2120 1222 2192; baseline 0.01 -22"><span class='ocrx_word' id='word_1_189' title='bbox 174 2122 276 2190; x_wconf 87' lang='lat' dir='ltr'>origine</span> <span class='ocrx_word' id='word_1_190' title='bbox 284 2133 310 2172; x_wconf 90' lang='lat' dir='ltr'>et</span> <span class='ocrx_word' id='word_1_191' title='bbox 322 2125 394 2192; x_wconf 89' lang='lat' dir='ltr'>ipsos</span> <span class='ocrx_word' id='word_1_192' title='bbox 406 2123 488 2174; x_wconf 84' lang='lat' dir='ltr'>fuisse</span> <span class='ocrx_word' id='word_1_193' title='bbox 498 2144 503 2171; x_wconf 93' lang='lat'><strong>:</strong></span> <span class='ocrx_word' id='word_1_194' title='bbox 514 2120 567 2172; x_wconf 83' lang='lat' dir='ltr'>boo</span> <span class='ocrx_word' id='word_1_195' title='bbox 579 2122 648 2171; x_wconf 86' lang='lat' dir='ltr'>inter</span> <span class='ocrx_word' id='word_1_196' title='bbox 660 2121 774 2172; x_wconf 86' lang='lat' dir='ltr'>certiora</span> <span class='ocrx_word' id='word_1_197' title='bbox 784 2121 886 2184; x_wconf 83' lang='lat' dir='ltr'>refero,</span> <span class='ocrx_word' id='word_1_198' title='bbox 898 2122 1080 2191; x_wconf 85' lang='lat' dir='ltr'>antiquissimo</span> <span class='ocrx_word' id='word_1_199' title='bbox 1090 2127 1146 2192; x_wconf 84' lang='lat' dir='ltr'>jam</span> <span class='ocrx_word' id='word_1_200' title='bbox 1157 2141 1222 2186; x_wconf 73' lang='lat' dir='ltr'>tersi·</span> 
     </span>
     <span class='ocr_line' id='line_1_23' title="bbox 175 2197 1221 2276; baseline 0.009 -26"><span class='ocrx_word' id='word_1_201' title='bbox 175 2218 242 2271; x_wconf 87' lang='lat' dir='ltr'>pore</span> <span class='ocrx_word' id='word_1_202' title='bbox 253 2200 376 2273; x_wconf 81' lang='lat' dir='ltr'>Pelasgos</span> <span class='ocrx_word' id='word_1_203' title='bbox 388 2219 448 2254; x_wconf 87' lang='lat' dir='ltr'>cunt</span> <span class='ocrx_word' id='word_1_204' title='bbox 459 2200 651 2272; x_wconf 76' lang='lat' dir='ltr'>Aboriginibus</span> <span class='ocrx_word' id='word_1_205' title='bbox 661 2201 746 2250; x_wconf 84' lang='lat' dir='ltr'>fuisse</span> <span class='ocrx_word' id='word_1_206' title='bbox 757 2197 901 2268; x_wconf 79' lang='lat' dir='ltr'>permixtos</span> <span class='ocrx_word' id='word_1_207' title='bbox 913 2219 919 2248; x_wconf 79' lang='lat' dir='ltr'>t</span> <span class='ocrx_word' id='word_1_208' title='bbox 933 2200 962 2251; x_wconf 93' lang='lat' dir='ltr'>id</span> <span class='ocrx_word' id='word_1_209' title='bbox 974 2201 1047 2270; x_wconf 90' lang='lat' dir='ltr'>quod</span> <span class='ocrx_word' id='word_1_210' title='bbox 1064 2203 1221 2276; x_wconf 75' lang='lat' dir='ltr'>Dionysium</span> 
     </span>
     <span class='ocr_line' id='line_1_24' title="bbox 175 2279 1222 2356; baseline 0.003 -24"><span class='ocrx_word' id='word_1_211' title='bbox 175 2279 294 2345; x_wconf 78' lang='lat' dir='ltr'>adduxit,</span> <span class='ocrx_word' id='word_1_212' title='bbox 308 2299 390 2352; x_wconf 78' lang='lat' dir='ltr'>quirin</span> <span class='ocrx_word' id='word_1_213' title='bbox 401 2282 559 2353; x_wconf 65' lang='lat' dir='ltr'>insigniores</span> <span class='ocrx_word' id='word_1_214' title='bbox 571 2281 640 2332; x_wconf 81' lang='lat' dir='ltr'>inter</span> <span class='ocrx_word' id='word_1_215' title='bbox 651 2279 786 2332; x_wconf 77' lang='lat' dir='ltr'>Romanos</span> <span class='ocrx_word' id='word_1_216' title='bbox 797 2279 940 2348; x_wconf 86' lang='lat' dir='ltr'>scriptores</span> <span class='ocrx_word' id='word_1_217' title='bbox 947 2279 1086 2347; x_wconf 77' lang='lat' dir='ltr'>Catonem,</span> <span class='ocrx_word' id='word_1_218' title='bbox 1098 2282 1222 2356; x_wconf 58' lang='lat' dir='ltr'>Semprof</span> 
     </span>
     <span class='ocr_line' id='line_1_25' title="bbox 174 2357 1223 2432; baseline 0 -20"><span class='ocrx_word' id='word_1_219' title='bbox 174 2361 248 2412; x_wconf 88' lang='lat' dir='ltr'>nium</span> <span class='ocrx_word' id='word_1_220' title='bbox 258 2373 285 2414; x_wconf 91' lang='lat' dir='ltr'>et</span> <span class='ocrx_word' id='word_1_221' title='bbox 294 2361 362 2414; x_wconf 86' lang='lat' dir='ltr'>alios</span> <span class='ocrx_word' id='word_1_222' title='bbox 370 2363 519 2417; x_wconf 82' lang='lat' dir='ltr'>Romanam</span> <span class='ocrx_word' id='word_1_223' title='bbox 531 2362 659 2432; x_wconf 77' lang='lat' dir='ltr'>originem</span> <span class='ocrx_word' id='word_1_224' title='bbox 671 2357 706 2416; x_wconf 82' lang='lat' dir='ltr'>ad</span> <span class='ocrx_word' id='word_1_225' title='bbox 715 2357 823 2412; x_wconf 78' lang='lat' dir='ltr'>Grecos</span> <span class='ocrx_word' id='word_1_226' title='bbox 833 2358 933 2410; x_wconf 81' lang='lat' dir='ltr'>referre</span> <span class='ocrx_word' id='word_1_227' title='bbox 943 2358 1062 2422; x_wconf 78' lang='lat' dir='ltr'>videret,</span> <span class='ocrx_word' id='word_1_228' title='bbox 1071 2375 1101 2414; x_wconf 89' lang='lat' dir='ltr'>ut</span> <span class='ocrx_word' id='word_1_229' title='bbox 1113 2367 1223 2418; x_wconf 79' lang='lat' dir='ltr'>omniuo</span> 
     </span>
     <span class='ocr_line' id='line_1_26' title="bbox 175 2436 1223 2516; baseline 0.006 -26"><span class='ocrx_word' id='word_1_230' title='bbox 175 2439 334 2511; x_wconf 70' lang='lat' dir='ltr'>Aborigines</span> <span class='ocrx_word' id='word_1_231' title='bbox 350 2440 438 2498; x_wconf 88' lang='lat' dir='ltr'>nullos</span> <span class='ocrx_word' id='word_1_232' title='bbox 451 2441 518 2492; x_wconf 84' lang='lat' dir='ltr'>elios</span> <span class='ocrx_word' id='word_1_233' title='bbox 530 2439 564 2492; x_wconf 87' lang='lat' dir='ltr'>ab</span> <span class='ocrx_word' id='word_1_234' title='bbox 577 2440 678 2511; x_wconf 81' lang='lat' dir='ltr'>origiue</span> <span class='ocrx_word' id='word_1_235' title='bbox 687 2511 688 2516; x_wconf 12' lang='grc'>1</span> <span class='ocrx_word' id='word_1_236' title='bbox 697 2455 777 2508; x_wconf 57' lang='lat' dir='ltr'>vaus</span> <span class='ocrx_word' id='word_1_237' title='bbox 794 2436 917 2509; x_wconf 78' lang='lat' dir='ltr'>Pelasgos</span> <span class='ocrx_word' id='word_1_238' title='bbox 934 2439 1017 2494; x_wconf 87' lang='lat' dir='ltr'>luisse</span> <span class='ocrx_word' id='word_1_239' title='bbox 1032 2440 1223 2511; x_wconf 67' lang='lat' dir='ltr'>minueretur,</span> 
     </span>
     <span class='ocr_line' id='line_1_27' title="bbox 176 2519 1224 2592; baseline 0.005 -21"><span class='ocrx_word' id='word_1_240' title='bbox 176 2519 250 2590; x_wconf 88' lang='lat' dir='ltr'>quod</span> <span class='ocrx_word' id='word_1_241' title='bbox 257 2519 393 2574; x_wconf 78' lang='lat' dir='ltr'>Cluverius</span> <span class='ocrx_word' id='word_1_242' title='bbox 403 2535 429 2574; x_wconf 92' lang='lat' dir='ltr'>et</span> <span class='ocrx_word' id='word_1_243' title='bbox 441 2521 563 2592; x_wconf 86' lang='lat' dir='ltr'>plerique</span> <span class='ocrx_word' id='word_1_244' title='bbox 575 2539 590 2572; x_wconf 92' lang='lat' dir='ltr'>e</span> <span class='ocrx_word' id='word_1_245' title='bbox 602 2520 699 2575; x_wconf 87' lang='lat' dir='ltr'>nostris</span> <span class='ocrx_word' id='word_1_246' title='bbox 712 2519 819 2588; x_wconf 87' lang='lat' dir='ltr'>sequuti</span> <span class='ocrx_word' id='word_1_247' title='bbox 830 2531 900 2572; x_wconf 87' lang='lat' dir='ltr'>sunt.</span> <span class='ocrx_word' id='word_1_248' title='bbox 910 2520 1008 2574; x_wconf 79' lang='lat' dir='ltr'>Verum</span> <span class='ocrx_word' id='word_1_249' title='bbox 1014 2521 1157 2592; x_wconf 66' lang='lat' dir='ltr'>Dionysius</span> <span class='ocrx_word' id='word_1_250' title='bbox 1167 2543 1224 2578; x_wconf 80' lang='lat' dir='ltr'>ren</span> 
     </span>
     <span class='ocr_line' id='line_1_28' title="bbox 175 2597 1221 2673; baseline 0.008 -23"><span class='ocrx_word' id='word_1_251' title='bbox 175 2602 235 2671; x_wconf 84' lang='lat' dir='ltr'>ipse</span> <span class='ocrx_word' id='word_1_252' title='bbox 243 2602 280 2652; x_wconf 85' lang='lat' dir='ltr'>ite</span> <span class='ocrx_word' id='word_1_253' title='bbox 290 2599 386 2661; x_wconf 85' lang='lat' dir='ltr'>tradit,</span> <span class='ocrx_word' id='word_1_254' title='bbox 400 2613 444 2665; x_wconf 82' lang='lat' dir='ltr'>ut,</span> <span class='ocrx_word' id='word_1_255' title='bbox 457 2599 566 2673; x_wconf 77' lang='lat' dir='ltr'>quidex</span> <span class='ocrx_word' id='word_1_256' title='bbox 577 2601 623 2664; x_wconf 80' lang='lat' dir='ltr'>iis,</span> <span class='ocrx_word' id='word_1_257' title='bbox 636 2617 694 2669; x_wconf 80' lang='lat' dir='ltr'>quse</span> <span class='ocrx_word' id='word_1_258' title='bbox 707 2616 723 2649; x_wconf 89' lang='lat' dir='ltr'>a</span> <span class='ocrx_word' id='word_1_259' title='bbox 735 2615 763 2650; x_wconf 88' lang='lat' dir='ltr'>se</span> <span class='ocrx_word' id='word_1_260' title='bbox 775 2609 884 2653; x_wconf 80' lang='lat' dir='ltr'>narrate</span> <span class='ocrx_word' id='word_1_261' title='bbox 896 2610 981 2665; x_wconf 85' lang='lat' dir='ltr'>erant,</span> <span class='ocrx_word' id='word_1_262' title='bbox 994 2597 1029 2650; x_wconf 84' lang='lat' dir='ltr'>ud</span> <span class='ocrx_word' id='word_1_263' title='bbox 1041 2600 1221 2658; x_wconf 75' lang='lat' dir='ltr'>Romanorum</span> 
     </span>
     <span class='ocr_line' id='line_1_29' title="bbox 176 2676 1224 2752; baseline 0.002 -22"><span class='ocrx_word' id='word_1_264' title='bbox 176 2680 316 2751; x_wconf 89' lang='lat' dir='ltr'>opiniones</span> <span class='ocrx_word' id='word_1_265' title='bbox 335 2681 514 2751; x_wconf 82' lang='lat' dir='ltr'>comparatis,</span> <span class='ocrx_word' id='word_1_266' title='bbox 529 2688 669 2752; x_wconf 80' lang='lat' dir='ltr'>sequatur,</span> <span class='ocrx_word' id='word_1_267' title='bbox 683 2695 755 2738; x_wconf 90' lang='lat' dir='ltr'>non,</span> <span class='ocrx_word' id='word_1_268' title='bbox 772 2676 837 2746; x_wconf 85' lang='lat' dir='ltr'>quid</span> <span class='ocrx_word' id='word_1_269' title='bbox 851 2691 942 2731; x_wconf 84' lang='lat' dir='ltr'>rerum</span> <span class='ocrx_word' id='word_1_270' title='bbox 955 2687 982 2727; x_wconf 91' lang='lat' dir='ltr'>et</span> <span class='ocrx_word' id='word_1_271' title='bbox 994 2676 1160 2748; x_wconf 73' lang='lat' dir='ltr'>exploratum</span> <span class='ocrx_word' id='word_1_272' title='bbox 1174 2684 1224 2747; x_wconf 82' lang='lat' dir='ltr'>sit,</span> 
     </span>
     <span class='ocr_line' id='line_1_30' title="bbox 177 2761 600 2833; baseline -0.009 -19"><span class='ocrx_word' id='word_1_273' title='bbox 177 2779 309 2833; x_wconf 79' lang='lat' dir='ltr'>exponere</span> <span class='ocrx_word' id='word_1_274' title='bbox 321 2761 406 2816; x_wconf 84' lang='lat' dir='ltr'>videri</span> <span class='ocrx_word' id='word_1_275' title='bbox 419 2761 491 2814; x_wconf 84' lang='lat' dir='ltr'>velit.</span> <span class='ocrx_word' id='word_1_276' title='bbox 597 2803 600 2810; x_wconf 89' lang='lat'><em>.</em></span> 
     </span>
    </p>

    <p class='ocr_par' dir='ltr' id='par_1_5' title="bbox 177 2835 1261 4200">
     <span class='ocr_line' id='line_1_31' title="bbox 211 2835 1226 2914; baseline 0.002 -22"><span class='ocrx_word' id='word_1_277' title='bbox 211 2841 382 2914; x_wconf 69' lang='lat' dir='ltr'>Pelasgorum</span> <span class='ocrx_word' id='word_1_278' title='bbox 395 2854 448 2896; x_wconf 86' lang='lat' dir='ltr'>tres</span> <span class='ocrx_word' id='word_1_279' title='bbox 459 2843 628 2914; x_wconf 85' lang='lat' dir='ltr'>potissimum</span> <span class='ocrx_word' id='word_1_280' title='bbox 640 2841 723 2894; x_wconf 81' lang='lat' dir='ltr'>fuisse</span> <span class='ocrx_word' id='word_1_281' title='bbox 734 2840 762 2890; x_wconf 92' lang='lat' dir='ltr'>in</span> <span class='ocrx_word' id='word_1_282' title='bbox 774 2837 878 2890; x_wconf 84' lang='lat' dir='ltr'>ltaliam</span> <span class='ocrx_word' id='word_1_283' title='bbox 889 2835 1020 2890; x_wconf 86' lang='lat' dir='ltr'>deductas</span> <span class='ocrx_word' id='word_1_284' title='bbox 1032 2839 1154 2892; x_wconf 80' lang='lat' dir='ltr'>colonias</span> <span class='ocrx_word' id='word_1_285' title='bbox 1164 2861 1226 2896; x_wconf 68' lang='lat' dir='ltr'>nan</span> 
     </span>
     <span class='ocr_line' id='line_1_32' title="bbox 177 2917 1225 2994; baseline -0.003 -17"><span class='ocrx_word' id='word_1_286' title='bbox 177 2935 238 2977; x_wconf 81' lang='lat' dir='ltr'>rant</span> <span class='ocrx_word' id='word_1_287' title='bbox 251 2923 332 2994; x_wconf 85' lang='lat' dir='ltr'>vulgo</span> <span class='ocrx_word' id='word_1_288' title='bbox 348 2925 406 2976; x_wconf 83' lang='lat' dir='ltr'>lere</span> <span class='ocrx_word' id='word_1_289' title='bbox 421 2940 529 2983; x_wconf 67' lang='lat' dir='ltr'>omnm</span> <span class='ocrx_word' id='word_1_290' title='bbox 546 2940 627 2974; x_wconf 87' lang='lat' dir='ltr'>uuam</span> <span class='ocrx_word' id='word_1_291' title='bbox 640 2921 674 2972; x_wconf 86' lang='lat' dir='ltr'>ab</span> <span class='ocrx_word' id='word_1_292' title='bbox 690 2921 812 2972; x_wconf 77' lang='lat' dir='ltr'>OEaotso</span> <span class='ocrx_word' id='word_1_293' title='bbox 825 2937 857 2970; x_wconf 84' lang='lat' dir='ltr'>ex</span> <span class='ocrx_word' id='word_1_294' title='bbox 873 2917 1002 2981; x_wconf 81' lang='lat' dir='ltr'>Arcadia,</span> <span class='ocrx_word' id='word_1_295' title='bbox 1014 2919 1086 2972; x_wconf 83' lang='lat' dir='ltr'>XVll</span> <span class='ocrx_word' id='word_1_296' title='bbox 1102 2922 1225 2974; x_wconf 79' lang='lat' dir='ltr'>aetatibns</span> 
     </span>
     <span class='ocr_line' id='line_1_33' title="bbox 178 2997 1227 3070; baseline 0 -18"><span class='ocrx_word' id='word_1_297' title='bbox 178 3013 239 3054; x_wconf 87' lang='lat' dir='ltr'>ante</span> <span class='ocrx_word' id='word_1_298' title='bbox 251 3001 353 3054; x_wconf 80' lang='lat' dir='ltr'>bellum</span> <span class='ocrx_word' id='word_1_299' title='bbox 363 3001 522 3070; x_wconf 73' lang='lat' dir='ltr'>Troianum,</span> <span class='ocrx_word' id='word_1_300' title='bbox 535 3000 646 3052; x_wconf 79' lang='lat' dir='ltr'>alteram</span> <span class='ocrx_word' id='word_1_301' title='bbox 659 3019 673 3051; x_wconf 86' lang='lat' dir='ltr'>s</span> <span class='ocrx_word' id='word_1_302' title='bbox 685 2998 839 3062; x_wconf 81' lang='lat' dir='ltr'>Thessalis,</span> <span class='ocrx_word' id='word_1_303' title='bbox 851 2997 1034 3050; x_wconf 85' lang='lat' dir='ltr'>Deucalioneo</span> <span class='ocrx_word' id='word_1_304' title='bbox 1047 3015 1121 3063; x_wconf 70' lang='lat' dir='ltr'>avo,</span> <span class='ocrx_word' id='word_1_305' title='bbox 1136 3011 1163 3050; x_wconf 93' lang='lat' dir='ltr'>et</span> <span class='ocrx_word' id='word_1_306' title='bbox 1174 3011 1227 3052; x_wconf 82' lang='lat' dir='ltr'>ter·</span> 
     </span>
     <span class='ocr_line' id='line_1_34' title="bbox 178 3075 1227 3147; baseline 0.004 -18"><span class='ocrx_word' id='word_1_307' title='bbox 178 3079 244 3132; x_wconf 84' lang='lat' dir='ltr'>sisso</span> <span class='ocrx_word' id='word_1_308' title='bbox 255 3079 289 3131; x_wconf 86' lang='lat' dir='ltr'>ab</span> <span class='ocrx_word' id='word_1_309' title='bbox 301 3079 426 3133; x_wconf 82' lang='lat' dir='ltr'>Evandro</span> <span class='ocrx_word' id='word_1_310' title='bbox 437 3080 484 3132; x_wconf 81' lang='lat' dir='ltr'>Lx</span> <span class='ocrx_word' id='word_1_311' title='bbox 495 3081 571 3132; x_wconf 87' lang='lat' dir='ltr'>annis</span> <span class='ocrx_word' id='word_1_312' title='bbox 584 3093 645 3130; x_wconf 88' lang='lat' dir='ltr'>unte</span> <span class='ocrx_word' id='word_1_313' title='bbox 656 3079 684 3130; x_wconf 86' lang='lat' dir='ltr'>b.</span> <span class='ocrx_word' id='word_1_314' title='bbox 697 3078 788 3146; x_wconf 83' lang='lat' dir='ltr'>Troj.‚</span> <span class='ocrx_word' id='word_1_315' title='bbox 804 3090 834 3130; x_wconf 91' lang='lat' dir='ltr'>ut</span> <span class='ocrx_word' id='word_1_316' title='bbox 852 3076 931 3130; x_wconf 80' lang='lat' dir='ltr'>lacile</span> <span class='ocrx_word' id='word_1_317' title='bbox 946 3075 1095 3147; x_wconf 85' lang='lat' dir='ltr'>intelligas,</span> <span class='ocrx_word' id='word_1_318' title='bbox 1108 3096 1163 3132; x_wconf 88' lang='lat' dir='ltr'>non</span> <span class='ocrx_word' id='word_1_319' title='bbox 1175 3083 1227 3133; x_wconf 87' lang='lat' dir='ltr'>nisi</span> 
     </span>
     <span class='ocr_line' id='line_1_35' title="bbox 179 3156 1227 3232; baseline -0.001 -19"><span class='ocrx_word' id='word_1_320' title='bbox 179 3161 264 3213; x_wconf 85' lang='lat' dir='ltr'>serius</span> <span class='ocrx_word' id='word_1_321' title='bbox 275 3177 292 3210; x_wconf 91' lang='lat' dir='ltr'>a</span> <span class='ocrx_word' id='word_1_322' title='bbox 303 3157 515 3232; x_wconf 77' lang='lat' dir='ltr'>chronographis</span> <span class='ocrx_word' id='word_1_323' title='bbox 524 3177 556 3210; x_wconf 81' lang='lat' dir='ltr'>ex</span> <span class='ocrx_word' id='word_1_324' title='bbox 565 3160 729 3226; x_wconf 80' lang='lat' dir='ltr'>conjectura,</span> <span class='ocrx_word' id='word_1_325' title='bbox 739 3156 884 3211; x_wconf 87' lang='lat' dir='ltr'>secundum</span> <span class='ocrx_word' id='word_1_326' title='bbox 897 3173 986 3210; x_wconf 88' lang='lat' dir='ltr'>rerum</span> <span class='ocrx_word' id='word_1_327' title='bbox 996 3167 1023 3206; x_wconf 87' lang='lat' dir='ltr'>et</span> <span class='ocrx_word' id='word_1_328' title='bbox 1035 3169 1141 3210; x_wconf 79' lang='lat' dir='ltr'>etatum</span> <span class='ocrx_word' id='word_1_329' title='bbox 1151 3177 1227 3212; x_wconf 87' lang='lat' dir='ltr'>cem·-</span> 
     </span>
     <span class='ocr_line' id='line_1_36' title="bbox 179 3235 1228 3309; baseline 0 -17"><span class='ocrx_word' id='word_1_330' title='bbox 179 3239 347 3309; x_wconf 86' lang='lat' dir='ltr'>psrutionesn</span> <span class='ocrx_word' id='word_1_331' title='bbox 359 3239 542 3302; x_wconf 82' lang='lat' dir='ltr'>subtiliorem,</span> <span class='ocrx_word' id='word_1_332' title='bbox 555 3237 679 3290; x_wconf 78' lang='lat' dir='ltr'>haeresse</span> <span class='ocrx_word' id='word_1_333' title='bbox 692 3237 845 3288; x_wconf 86' lang='lat' dir='ltr'>constitute.</span> <span class='ocrx_word' id='word_1_334' title='bbox 859 3235 1065 3305; x_wconf 86' lang='lat' dir='ltr'>Antiquissimus</span> <span class='ocrx_word' id='word_1_335' title='bbox 1079 3236 1125 3288; x_wconf 90' lang='lat' dir='ltr'>ille</span> <span class='ocrx_word' id='word_1_336' title='bbox 1135 3238 1228 3293; x_wconf 79' lang='lat' dir='ltr'>OEno-</span> 
     </span>
     <span class='ocr_line' id='line_1_37' title="bbox 179 3315 1228 3388; baseline 0.002 -18"><span class='ocrx_word' id='word_1_337' title='bbox 179 3321 217 3372; x_wconf 89' lang='lat' dir='ltr'>tri</span> <span class='ocrx_word' id='word_1_338' title='bbox 230 3329 256 3369; x_wconf 90' lang='lat' dir='ltr'>et</span> <span class='ocrx_word' id='word_1_339' title='bbox 272 3319 388 3372; x_wconf 83' lang='lat' dir='ltr'>Peucetii</span> <span class='ocrx_word' id='word_1_340' title='bbox 406 3318 442 3371; x_wconf 83' lang='lat' dir='ltr'>ad</span> <span class='ocrx_word' id='word_1_341' title='bbox 459 3317 562 3370; x_wconf 82' lang='lat' dir='ltr'>Italiam</span> <span class='ocrx_word' id='word_1_342' title='bbox 580 3333 702 3370; x_wconf 83' lang='lat' dir='ltr'>accessus</span> <span class='ocrx_word' id='word_1_343' title='bbox 720 3318 784 3370; x_wconf 85' lang='lat' dir='ltr'>satis</span> <span class='ocrx_word' id='word_1_344' title='bbox 797 3315 896 3368; x_wconf 81' lang='lat' dir='ltr'>diserte</span> <span class='ocrx_word' id='word_1_345' title='bbox 913 3315 1067 3387; x_wconf 76' lang='lat' dir='ltr'>aDionysio</span> <span class='ocrx_word' id='word_1_346' title='bbox 1085 3321 1228 3388; x_wconf 78' lang='lat' dir='ltr'>exponitur</span> 
     </span>
     <span class='ocr_line' id='line_1_38' title="bbox 177 3395 1228 3471; baseline 0.004 -23"><span class='ocrx_word' id='word_1_347' title='bbox 177 3396 226 3460; x_wconf 78' lang='lat' dir='ltr'>lib.</span> <span class='ocrx_word' id='word_1_348' title='bbox 238 3399 263 3464; x_wconf 82' lang='lat'>1,</span> <span class='ocrx_word' id='word_1_349' title='bbox 276 3418 299 3451; x_wconf 88' lang='lat' dir='ltr'>c.</span> <span class='ocrx_word' id='word_1_350' title='bbox 317 3415 344 3450; x_wconf 89' lang='grc' dir='ltr'>ιι</span> <span class='ocrx_word' id='word_1_351' title='bbox 358 3417 418 3471; x_wconf 85' lang='lat' dir='ltr'>sqq.</span> <span class='ocrx_word' id='word_1_352' title='bbox 430 3399 469 3452; x_wconf 90' lang='lat' dir='ltr'>De</span> <span class='ocrx_word' id='word_1_353' title='bbox 482 3397 606 3449; x_wconf 81' lang='lat' dir='ltr'>Peucetio</span> <span class='ocrx_word' id='word_1_354' title='bbox 617 3415 643 3448; x_wconf 85' lang='lat' dir='ltr'>v.</span> <span class='ocrx_word' id='word_1_355' title='bbox 655 3397 703 3447; x_wconf 83' lang='lat' dir='ltr'>inl.</span> <span class='ocrx_word' id='word_1_356' title='bbox 717 3397 825 3448; x_wconf 82' lang='lat' dir='ltr'>Exeurs.</span> <span class='ocrx_word' id='word_1_357' title='bbox 838 3396 898 3447; x_wconf 89' lang='lat' dir='ltr'>Vlll</span> <span class='ocrx_word' id='word_1_358' title='bbox 910 3395 945 3448; x_wconf 86' lang='lat' dir='ltr'>sd</span> <span class='ocrx_word' id='word_1_359' title='bbox 957 3413 982 3446; x_wconf 83' lang='lat' dir='ltr'>v.</span> <span class='ocrx_word' id='word_1_360' title='bbox 996 3396 1056 3466; x_wconf 77' lang='lat'>691.</span> <span class='ocrx_word' id='word_1_361' title='bbox 1068 3395 1228 3453; x_wconf 72' lang='lat' dir='ltr'>consedisse</span> 
     </span>
     <span class='ocr_line' id='line_1_39' title="bbox 181 3477 1229 3548; baseline 0 -16"><span class='ocrx_word' id='word_1_362' title='bbox 181 3477 280 3532; x_wconf 85' lang='lat' dir='ltr'>dicitnr</span> <span class='ocrx_word' id='word_1_363' title='bbox 291 3479 428 3532; x_wconf 65' lang='lat' dir='ltr'>OEsnotrus</span> <span class='ocrx_word' id='word_1_364' title='bbox 441 3497 501 3532; x_wconf 87' lang='lat' dir='ltr'>curn</span> <span class='ocrx_word' id='word_1_365' title='bbox 515 3481 568 3530; x_wconf 90' lang='lat' dir='ltr'>suis</span> <span class='ocrx_word' id='word_1_366' title='bbox 581 3479 609 3528; x_wconf 88' lang='lat' dir='ltr'>in</span> <span class='ocrx_word' id='word_1_367' title='bbox 624 3479 683 3528; x_wconf 89' lang='lat' dir='ltr'>sinu</span> <span class='ocrx_word' id='word_1_368' title='bbox 695 3477 848 3542; x_wconf 79' lang='lat' dir='ltr'>Lmetiuo,</span> <span class='ocrx_word' id='word_1_369' title='bbox 861 3495 908 3528; x_wconf 89' lang='lat' dir='ltr'>seu</span> <span class='ocrx_word' id='word_1_370' title='bbox 919 3477 1082 3548; x_wconf 83' lang='lat' dir='ltr'>Hipponiate</span> <span class='ocrx_word' id='word_1_371' title='bbox 1094 3477 1229 3532; x_wconf 75' lang='lat' dir='ltr'>inferioris</span> 
     </span>
     <span class='ocr_line' id='line_1_40' title="bbox 179 3557 1231 3631; baseline 0.002 -19"><span class='ocrx_word' id='word_1_372' title='bbox 179 3559 278 3627; x_wconf 70' lang='lat' dir='ltr'>ltalia,</span> <span class='ocrx_word' id='word_1_373' title='bbox 291 3577 345 3631; x_wconf 87' lang='lat' dir='ltr'>qua</span> <span class='ocrx_word' id='word_1_374' title='bbox 355 3561 518 3613; x_wconf 84' lang='lat' dir='ltr'>Bruttiorum</span> <span class='ocrx_word' id='word_1_375' title='bbox 529 3557 675 3630; x_wconf 82' lang='lat' dir='ltr'>aliquando</span> <span class='ocrx_word' id='word_1_376' title='bbox 686 3577 748 3630; x_wconf 86' lang='lat' dir='ltr'>ager</span> <span class='ocrx_word' id='word_1_377' title='bbox 759 3560 862 3630; x_wconf 86' lang='lat' dir='ltr'>patuit;</span> <span class='ocrx_word' id='word_1_378' title='bbox 876 3571 902 3610; x_wconf 90' lang='lat' dir='ltr'>et</span> <span class='ocrx_word' id='word_1_379' title='bbox 912 3558 1030 3630; x_wconf 83' lang='lat' dir='ltr'>primunt</span> <span class='ocrx_word' id='word_1_380' title='bbox 1042 3558 1149 3629; x_wconf 86' lang='lat' dir='ltr'>quidem</span> <span class='ocrx_word' id='word_1_381' title='bbox 1159 3561 1231 3614; x_wconf 87' lang='lat' dir='ltr'>intra</span> 
     </span>
     <span class='ocr_line' id='line_1_41' title="bbox 180 3639 1230 3715; baseline 0.001 -21"><span class='ocrx_word' id='word_1_382' title='bbox 180 3641 359 3702; x_wconf 64' lang='lat' dir='ltr'>morinum,</span> <span class='ocrx_word' id='word_1_383' title='bbox 370 3653 397 3694; x_wconf 90' lang='lat' dir='ltr'>et</span> <span class='ocrx_word' id='word_1_384' title='bbox 408 3640 585 3715; x_wconf 70' lang='lat' dir='ltr'>Scylletium,</span> <span class='ocrx_word' id='word_1_385' title='bbox 597 3657 643 3694; x_wconf 89' lang='lat' dir='ltr'>seu</span> <span class='ocrx_word' id='word_1_386' title='bbox 656 3639 808 3712; x_wconf 67' lang='lat' dir='ltr'>Scylaceum</span> <span class='ocrx_word' id='word_1_387' title='bbox 822 3641 909 3691; x_wconf 89' lang='lat' dir='ltr'>sinum</span> <span class='ocrx_word' id='word_1_388' title='bbox 920 3658 948 3692; x_wconf 85' lang='lat' dir='ltr'>se</span> <span class='ocrx_word' id='word_1_389' title='bbox 961 3640 1158 3705; x_wconf 73' lang='lat' dir='ltr'>conuenerunt,</span> <span class='ocrx_word' id='word_1_390' title='bbox 1166 3641 1230 3694; x_wconf 82' lang='lat' dir='ltr'>bino</span> 
     </span>
     <span class='ocr_line' id='line_1_42' title="bbox 182 3719 1229 3794; baseline 0.002 -19"><span class='ocrx_word' id='word_1_391' title='bbox 182 3721 217 3775; x_wconf 88' lang='lat' dir='ltr'>ad</span> <span class='ocrx_word' id='word_1_392' title='bbox 228 3721 311 3774; x_wconf 71' lang='lat' dir='ltr'>lauru</span> <span class='ocrx_word' id='word_1_393' title='bbox 327 3739 411 3792; x_wconf 86' lang='lat' dir='ltr'>usque</span> <span class='ocrx_word' id='word_1_394' title='bbox 428 3721 454 3772; x_wconf 86' lang='lat' dir='ltr'>fl.</span> <span class='ocrx_word' id='word_1_395' title='bbox 474 3734 501 3774; x_wconf 89' lang='lat' dir='ltr'>et</span> <span class='ocrx_word' id='word_1_396' title='bbox 516 3721 718 3794; x_wconf 75' lang='lat' dir='ltr'>Metapontum,</span> <span class='ocrx_word' id='word_1_397' title='bbox 734 3719 844 3773; x_wconf 85' lang='lat' dir='ltr'>tandem</span> <span class='ocrx_word' id='word_1_398' title='bbox 861 3719 896 3772; x_wconf 83' lang='lat' dir='ltr'>ad</span> <span class='ocrx_word' id='word_1_399' title='bbox 911 3720 1025 3774; x_wconf 84' lang='lat' dir='ltr'>Silurum</span> <span class='ocrx_word' id='word_1_400' title='bbox 1038 3733 1065 3773; x_wconf 90' lang='lat' dir='ltr'>et</span> <span class='ocrx_word' id='word_1_401' title='bbox 1076 3719 1229 3777; x_wconf 75' lang='lat' dir='ltr'>Bradanum</span> 
     </span>
     <span class='ocr_line' id='line_1_43' title="bbox 181 3800 1261 3876; baseline 0.002 -22"><span class='ocrx_word' id='word_1_402' title='bbox 181 3801 247 3856; x_wconf 75' lang='lat' dir='ltr'>fines</span> <span class='ocrx_word' id='word_1_403' title='bbox 259 3802 361 3856; x_wconf 79' lang='lat' dir='ltr'>reditun</span> <span class='ocrx_word' id='word_1_404' title='bbox 373 3802 566 3866; x_wconf 63' lang='lat' dir='ltr'>extenderem</span> <span class='ocrx_word' id='word_1_405' title='bbox 584 3821 644 3854; x_wconf 84' lang='lat' dir='ltr'>mox</span> <span class='ocrx_word' id='word_1_406' title='bbox 656 3815 683 3854; x_wconf 85' lang='lat' dir='ltr'>et</span> <span class='ocrx_word' id='word_1_407' title='bbox 695 3801 766 3854; x_wconf 84' lang='lat' dir='ltr'>ultra</span> <span class='ocrx_word' id='word_1_408' title='bbox 776 3819 823 3854; x_wconf 86' lang='lat' dir='ltr'>eos</span> <span class='ocrx_word' id='word_1_409' title='bbox 835 3803 907 3873; x_wconf 88' lang='lat' dir='ltr'>ipsos</span> <span class='ocrx_word' id='word_1_410' title='bbox 922 3800 987 3855; x_wconf 84' lang='lat' dir='ltr'>fines</span> <span class='ocrx_word' id='word_1_411' title='bbox 999 3805 1134 3874; x_wconf 84' lang='lat' dir='ltr'>progressi</span> <span class='ocrx_word' id='word_1_412' title='bbox 1150 3816 1228 3866; x_wconf 68' lang='lat' dir='ltr'>suast</span> <span class='ocrx_word' id='word_1_413' title='bbox 1257 3867 1261 3876; x_wconf 38' lang='grc' dir='ltr'>Ι</span> 
     </span>
     <span class='ocr_line' id='line_1_44' title="bbox 183 3881 1229 3956; baseline -0.001 -21"><span class='ocrx_word' id='word_1_414' title='bbox 183 3883 222 3935; x_wconf 89' lang='lat' dir='ltr'>uti</span> <span class='ocrx_word' id='word_1_415' title='bbox 240 3882 323 3936; x_wconf 85' lang='lat' dir='ltr'>altera</span> <span class='ocrx_word' id='word_1_416' title='bbox 336 3895 413 3956; x_wconf 86' lang='lat' dir='ltr'>perte</span> <span class='ocrx_word' id='word_1_417' title='bbox 427 3895 519 3956; x_wconf 77' lang='lat' dir='ltr'>sgr-usn</span> <span class='ocrx_word' id='word_1_418' title='bbox 537 3882 718 3950; x_wconf 85' lang='lat' dir='ltr'>obsederunt,</span> <span class='ocrx_word' id='word_1_419' title='bbox 735 3884 782 3954; x_wconf 86' lang='lat' dir='ltr'>qui</span> <span class='ocrx_word' id='word_1_420' title='bbox 794 3883 956 3935; x_wconf 68' lang='lat' dir='ltr'>bruttiorum</span> <span class='ocrx_word' id='word_1_421' title='bbox 968 3895 1062 3954; x_wconf 83' lang='lat' dir='ltr'>postea</span> <span class='ocrx_word' id='word_1_422' title='bbox 1074 3881 1161 3938; x_wconf 83' lang='lat' dir='ltr'>dictus</span> <span class='ocrx_word' id='word_1_423' title='bbox 1180 3895 1229 3936; x_wconf 85' lang='lat' dir='ltr'>est.</span> 
     </span>
     <span class='ocr_line' id='line_1_45' title="bbox 181 3960 1231 4038; baseline 0.002 -25"><span class='ocrx_word' id='word_1_424' title='bbox 181 3960 260 4016; x_wconf 78' lang='lat' dir='ltr'>Geni.</span> <span class='ocrx_word' id='word_1_425' title='bbox 274 3981 332 4035; x_wconf 86' lang='lat' dir='ltr'>quse</span> <span class='ocrx_word' id='word_1_426' title='bbox 345 3983 378 4018; x_wconf 78' lang='lat' dir='ltr'>es</span> <span class='ocrx_word' id='word_1_427' title='bbox 387 3963 521 4017; x_wconf 78' lang='lat' dir='ltr'>Antiocho</span> <span class='ocrx_word' id='word_1_428' title='bbox 533 3963 653 4038; x_wconf 75' lang='lat' dir='ltr'>Syracus.</span> <span class='ocrx_word' id='word_1_429' title='bbox 666 3977 777 4017; x_wconf 86' lang='lat' dir='ltr'>narrant</span> <span class='ocrx_word' id='word_1_430' title='bbox 788 3963 883 4016; x_wconf 81' lang='lat' dir='ltr'>Strabo</span> <span class='ocrx_word' id='word_1_431' title='bbox 895 3965 945 4029; x_wconf 82' lang='lat' dir='ltr'>Vl,</span> <span class='ocrx_word' id='word_1_432' title='bbox 960 3981 991 4035; x_wconf 42' lang='lat' dir='ltr'>ps</span> <span class='ocrx_word' id='word_1_433' title='bbox 1002 3963 1066 4031; x_wconf 73' lang='lat' dir='ltr'>abd,</span> <span class='ocrx_word' id='word_1_434' title='bbox 1081 3963 1132 4016; x_wconf 74' lang='lat'>255</span> <span class='ocrx_word' id='word_1_435' title='bbox 1142 3976 1167 4015; x_wconf 88' lang='lat' dir='ltr'>et</span> <span class='ocrx_word' id='word_1_436' title='bbox 1179 3962 1231 4030; x_wconf 74' lang='lat'>264</span> 
     </span>
     <span class='ocr_line' id='line_1_46' title="bbox 183 4041 1232 4117; baseline -0.005 -20"><span class='ocrx_word' id='word_1_437' title='bbox 183 4043 204 4097; x_wconf 79' lang='lat' dir='ltr'>f.</span> <span class='ocrx_word' id='word_1_438' title='bbox 217 4042 325 4116; x_wconf 72' lang='lat' dir='ltr'>Dionys.</span> <span class='ocrx_word' id='word_1_439' title='bbox 340 4045 367 4110; x_wconf 79' lang='lat' dir='ltr'>l,</span> <span class='ocrx_word' id='word_1_440' title='bbox 380 4043 431 4111; x_wconf 69' lang='lat'>35,</span> <span class='ocrx_word' id='word_1_441' title='bbox 448 4045 471 4096; x_wconf 97' lang='lat' dir='ltr'>ll</span> <span class='ocrx_word' id='word_1_442' title='bbox 483 4063 523 4117; x_wconf 91' lang='lat' dir='ltr'>pr.</span> <span class='ocrx_word' id='word_1_443' title='bbox 537 4047 646 4100; x_wconf 90' lang='lat' dir='ltr'>Aristot.</span> <span class='ocrx_word' id='word_1_444' title='bbox 660 4045 737 4097; x_wconf 82' lang='lat' dir='ltr'>Polis.</span> <span class='ocrx_word' id='word_1_445' title='bbox 751 4044 813 4110; x_wconf 84' lang='lat' dir='ltr'>vlt,</span> <span class='ocrx_word' id='word_1_446' title='bbox 829 4059 874 4108; x_wconf 86' lang='lat' dir='ltr'>ro,</span> <span class='ocrx_word' id='word_1_447' title='bbox 886 4043 932 4094; x_wconf 92' lang='lat' dir='ltr'>ubi</span> <span class='ocrx_word' id='word_1_448' title='bbox 944 4055 971 4096; x_wconf 90' lang='lat' dir='ltr'>et</span> <span class='ocrx_word' id='word_1_449' title='bbox 986 4041 1084 4095; x_wconf 82' lang='lat' dir='ltr'>Clssstes</span> <span class='ocrx_word' id='word_1_450' title='bbox 1096 4059 1127 4094; x_wconf 83' lang='lat' dir='ltr'>ex</span> <span class='ocrx_word' id='word_1_451' title='bbox 1138 4043 1232 4094; x_wconf 78' lang='lat' dir='ltr'>OEno·</span> 
     </span>
     <span class='ocr_line' id='line_1_47' title="bbox 184 4121 1231 4200; baseline 0.003 -25"><span class='ocrx_word' id='word_1_452' title='bbox 184 4123 241 4176; x_wconf 79' lang='lat' dir='ltr'>uiis</span> <span class='ocrx_word' id='word_1_453' title='bbox 257 4125 341 4179; x_wconf 85' lang='lat' dir='ltr'>luisse</span> <span class='ocrx_word' id='word_1_454' title='bbox 351 4139 510 4188; x_wconf 73' lang='lat' dir='ltr'>nanentsrt</span> <span class='ocrx_word' id='word_1_455' title='bbox 525 4145 602 4196; x_wconf 86' lang='lat' dir='ltr'>uam,</span> <span class='ocrx_word' id='word_1_456' title='bbox 620 4126 694 4200; x_wconf 88' lang='lat' dir='ltr'>quod</span> <span class='ocrx_word' id='word_1_457' title='bbox 710 4128 856 4182; x_wconf 81' lang='lat' dir='ltr'>etiamnum</span> <span class='ocrx_word' id='word_1_458' title='bbox 872 4141 921 4198; x_wconf 90' lang='lat' dir='ltr'>psr</span> <span class='ocrx_word' id='word_1_459' title='bbox 933 4123 1061 4180; x_wconf 69' lang='grc' dir='ltr'>Διιιοιὶοο</span> <span class='ocrx_word' id='word_1_460' title='bbox 1074 4121 1231 4178; x_wconf 81' lang='lat' dir='ltr'>solitudines</span> 
     </span>
    </p>
   </div>
   <div class='ocr_carea' id='block_1_3' title="bbox 0 0 1514 4696">
    <p class='ocr_par' dir='ltr' id='par_1_6' title="bbox 0 0 1514 4696">
     <span class='ocr_line' id='line_1_48' title="bbox 0 0 1514 4696; baseline 0 0"><span class='ocrx_word' id='word_1_461' title='bbox 0 0 1514 4696; x_wconf 95' lang='lat' dir='ltr'> </span> 
     </span>
    </p>
   </div>
  </div>
 </body>
</html>
