3028 4682
298 409 361 474 alio
543 405 578 468 P.
602 398 835 467 VIRGlLll
854 398 1087 465 Minonis

297 529 404 596 Delati
417 528 450 592 in
462 543 591 617 portus,
605 548 671 590 neu
683 525 779 589 litora
791 523 861 588 dira
874 523 1050 618 subirent,'
1110 615 1112 620 ι

297 637 471 724 Neptunus
483 633 589 697 ventis
601 629 740 720 inplevit
751 629 823 693 vela
838 627 1005 707 secundia,

297 745 405 830 Atque
418 741 529 826 fugam
541 736 648 815 dedit,
663 753 695 801 et
707 751 827 824 praeter
838 733 922 800 vada
933 733 1060 799 fervida
1070 735 1166 798 vexit.

340 848 481 934 Jamque
493 841 687 907 rubescebat
699 840 798 905 radiis
809 862 913 920 mare,
928 856 961 903 et
972 838 1095 903 aethere
1107 838 1148 904 ab
1160 838 1226 903 alto
1309 852 1337 896 25

255 963 256 972 ³
298 951 424 1014 Aurora
436 950 470 1012 in
483 947 584 1012 roseis
597 946 744 1034 fulgebat
756 946 845 1010 lutea
855 943 955 1033 bigis;

297 1055 408 1136 Quum
420 1053 510 1118 venti
522 1074 678 1141 posuere,
691 1051 865 1140 omnisque
878 1065 1014 1138 repente
1026 1048 1150 1114 resedit

210 1183 216 1194 ·
298 1160 422 1239 Flatns,
437 1177 470 1224 et
482 1161 515 1223 in
528 1160 618 1223 lento
630 1159 798 1223 luctantur
809 1179 972 1222 mannore
984 1172 1097 1220 tonsae.

298 1269 406 1354 Atque
419 1265 473 1329 hic
486 1265 602 1328 AEneas
614 1263 783 1351 ingentem
796 1285 835 1326 ex
847 1283 980 1351 aequore
992 1259 1104 1326 lucum

298 1368 580 1458 Prospicitzhunc
592 1370 678 1433 iuter
688 1368 792 1432 iluvio
805 1367 984 1432 Tiberinus
995 1387 1139 1445 amoeno,
1309 1375 1340 1423 3ο

298 1475 487 1541 Vorticibus
499 1472 636 1562 rapidis,
651 1489 684 1537 et
695 1474 800 1558 multa
809 1473 913 1538 ssavus
925 1495 1038 1551 arena,

299 1584 338 1646 In
350 1604 439 1645 mare
451 1579 656 1668 prorumpit:
670 1580 767 1643 variae
780 1580 972 1668 circumque
984 1598 1149 1667 supraque

332 1777 368 1807 22.
381 1762 440 1808 dura
452 1761 500 1808 duo
511 1762 590 1806 Burm·
606 1785 638 1798 -
654 1762 690 1808 26.
709 1764 733 1807 itt
745 1766 829 1810 croceis
842 1765 905 1826 conj.
918 1761 1061 1809 Schraderus
1072 1761 1103 1807 ad
1112 1761 1232 1807 Manum.
1246 1777 1269 1823 p.
1286 1759 1341 1822 289.

299 1833 345 1878 Sed
357 1835 381 1877 in
393 1835 461 1878 roseis
468 1831 525 1896 lupis
533 1847 581 1876 non
593 1843 639 1877 tam
650 1843 699 1878 erat
710 1829 858 1889 herendam,
866 1849 936 1896 quum
945 1835 970 1878 in
979 1833 1035 1877 mira
1045 1830 1150 1877 colorum
1159 1833 1341 1892 temperatione:

299 1917 352 1966 post
361 1903 479 1950 rubescens
491 1919 566 1960 niue,
578 1917 647 1949 rosere
658 1903 717 1965 higae
727 1915 750 1950 et
762 1902 822 1950 lutea
831 1921 922 1951 aurora.
935 1927 966 1940 -
978 1919 1015 1966 ²7·
1029 1906 1087 1948 Τυηι
1098 1919 1125 1948 ex
1136 1901 1213 1948 Schol.
1226 1903 1303 1948 llorat.
1317 1914 1342 1948 et

299 1975 365 2018 Statii
375 1972 454 2019 laudat
462 1975 541 2019 Burm.
552 1997 584 2008 -
596 1973 633 2019 28.
645 1972 744 2019 luctuum
751 1974 848 2021 Mentel.
858 1991 894 2038 pr.
901 1999 933 2010 -
943 1989 980 2036 29.
991 1972 1042 2019 ltine
1050 1972 1138 2018 zulich.
1149 1985 1173 2018 et
1183 1973 1249 2017 wtu.
1259 1967 1344 2036 r'riqeut·¹

299 2043 392 2106 M‘md·
402 2059 448 2090 see.
457 2069 488 2079 -
498 2043 535 2090 30.
545 2053 568 2088 et
576 2047 634 2089 r'riter
642 2043 739 2091 Dorvill.
749 2071 781 2082 —
789 2045 826 2091 31.
840 2043 981 2100 Verticibus,
991 2059 1043 2090 cum
1055 2041 1117 2100 aliis,
1126 2045 1278 2105 antiquissimi
1290 2043 1342 2090 lle-

301 2115 381 2162 diceus
393 2128 417 2162 et
428 2117 555 2170 Romanum
567 2117 593 2161 it.
606 2115 688 2178 fragm.
700 2117 777 2162 vatic.
785 2143 817 2154 -
828 2117 865 2164 32.
876 2119 1002 2182 precipitat
1012 2131 1055 2179 pro
1067 2115 1113 2161 div.
1125 2113 1179 2160 lect.
1189 2125 1243 2160 tert.
1255 2115 1342 2162 Mores.

301 2202 412 2252 superque
421 2189 488 2233 Witt.
498 2201 604 2251 suprema
612 2186 673 2233 Gud.
684 2203 697 2232 a
707 2203 737 2232 m.
748 2205 784 2251 pr.

300 2358 430 2412 monstra,
451 2365 507 2399 rem
532 2361 650 2400 monstro
672 2349 798 2416 similem,
850 2351 918 2402 Tum
930 2347 1047 2421 Zephyri
1055 2363 1174 2419 posuere.
1186 2346 1220 2397 At
1232 2347 1341 2418 supv,

301 2441 331 2480 ut
344 2439 508 2479 mutarentur
518 2429 546 2478 iu
559 2427 639 2486 feras,
647 2429 704 2498 pii,
716 2430 799 2493 diupi·
847 2429 896 2482 681
911 2429 1032 2504 flammoe
1047 2437 1126 2498 atque
1145 2427 1265 2479 incendia
1278 2428 1345 2480 uites

303 2507 347 2561 iiii
367 2506 488 2576 adeoque
507 2504 558 2557 diis
579 2525 656 2562 curat.
677 2525 735 2578 sup.
747 2509 798 2582 lll⁷
846 2525 961 2578 posuere.
979 2507 1061 2558 Porro
1081 2521 1197 2556 marmor
1210 2523 1260 2576 pro
1276 2508 1343 2559 mari

248 2619 252 2628 ·
306 2585 356 2638 265
367 2586 412 2636 Dii
418 2583 554 2655 prohibete
565 2586 713 2638 minasrdii
721 2584 798 2638 talem
848 2585 902 2638 dici
917 2589 1084 2638 notissimum
1103 2599 1155 2648 est;
1172 2604 1235 2639 usus
1253 2600 1343 2640 tamen

303 2666 412 2717 auertite
429 2683 515 2715 cusum
527 2686 534 2714 :
547 2666 583 2716 Et
591 2665 692 2736 plqcids'
704 2678 801 2718 seruate
848 2683 954 2718 caussas
972 2683 1103 2737 nusquam
1124 2667 1260 2738 appositas
1277 2666 1344 2719 vidi.

243 2779 248 2786 ·
303 2741 372 2816 pios.
384 2743 447 2793 Mox
458 2742 565 2816 aifuqa
573 2762 622 2815 pro
632 2745 713 2796 celeri
723 2763 801 2806 cursu
849 2743 977 2798 AGraecis
990 2746 1099 2799 ductum
1108 2764 1165 2799 esse
1175 2747 1345 2799 manifestum

304 2835 331 2874 et
338 2823 506 2893 navigatione
515 2859 523 2887 ,
533 2835 559 2874 et
569 2845 574 2874 :
584 2824 746 2894 praetervertit
756 2843 801 2878 eos
850 2823 887 2875 lit.
893 2823 1026 2895 μαρμαρέην
1034 2826 1083 2878 ἅλα
1090 2824 1192 2879 dixerat
1202 2829 1344 2889 Humerum

304 2921 354 2974 per
363 2901 428 2952 vade
434 2899 540 2970 semida
547 2939 556 2966 ,
567 2921 639 2954 mare
651 2915 800 2969 estuosum,
850 2905 1007 2970 candidum,
1019 2905 1155 2978 splendens
1163 2906 1227 2958 sole.
1238 2908 1345 2957 Dictum

305 2994 335 3032 ut
348 2983 418 3032 circa
428 2983 612 3052 promontoria
621 2981 697 3034 solet.
848 2980 979 3053 peppaipiar
996 2997 1022 3036 et
1037 2981 1170 3054 pippepi'r,
1182 2985 1253 3038 unde
1265 2983 1347 3042 trinu

342 3062 466 3116 25-28.
485 3061 570 3116 Valde
584 3079 726 3134 operosum
743 3064 802 3116 cul·
848 3059 977 3131 udpuepor,
987 3076 1013 3116 et
1020 3061 1271 3133 rdpdpuepuuimu·
1282 3065 1346 3118 lrinc

307 3154 362 3194 tum
384 3142 512 3212 adjecisse
534 3142 639 3194 videtur
659 3155 739 3213 poeta
759 3142 801 3196 his
849 3141 936 3196 Latini
954 3157 1039 3214 poete
1057 3161 1188 3196 munuera
1202 3141 1293 3218 pelopi
1307 3147 1347 3197 fe·

305 3221 438 3286 versibus,
451 3223 566 3291 primum
583 3222 702 3274 colorum
718 3226 802 3276 varie-
851 3241 925 3288 cere,
944 3235 974 3272 ut
991 3223 1124 3289 Catullus,
1144 3227 1207 3294 quia
1225 3223 1347 3293 μέρμιμς

305 3314 374 3364 tate,
391 3315 447 3352 turn
464 3300 640 3372 epithetorum
662 3305 753 3374 eopia,
775 3318 801 3356 et
849 3297 942 3370 rrimus,
960 3302 987 3352 h.
1000 3322 1025 3354 e.
1038 3297 1114 3358 usvair
1132 3303 1214 3354 latine
1225 3315 1265 3356 est
1276 3322 1349 3355 mut*-

305 3381 447 3433 verborum
458 3379 592 3451 pondere,
602 3385 721 3453 inprimis
730 3402 754 3434 v.
768 3385 800 3437 28
851 3398 914 3433 mor.
928 3383 968 3432 lta
979 3381 1087 3434 taudem
1099 3401 1215 3434 martum·
1225 3383 1347 3436 absolute

307 3461 336 3511 t'u
349 3458 434 3524 leuto,
454 3461 563 3510 immoto
585 3478 600 3510 a
619 3463 717 3526 ventis,
734 3464 802 3516 mari
850 3479 899 3532 pro
912 3465 992 3526 mari,
1009 3476 1039 3512 ut
1057 3480 1163 3533 aequor,
1180 3463 1244 3534 quia
1261 3463 1347 3514 Graeci

306 3535 443 3590 luctantur
458 3539 542 3589 remi:
564 3552 643 3590 vento
664 3554 802 3607 cessante,
850 3536 1030 3592 dixererruaixe
1038 3538 1169 3606 rrirrsu3et
1178 3541 1284 3612 quidem
1290 3543 1346 3611 jam

307 3619 352 3688 qui
366 3635 459 3668 navem
472 3629 568 3690 ageret.
589 3617 715 3672 caussam
734 3623 802 3673 tanti
851 3619 922 3690 apud
934 3621 1062 3685 Ennium,
1073 3621 1291 3686 sec.Gelliumll,
1303 3621 1345 3672 26.

307 3709 416 3746 ornatus
429 3698 455 3746 in
466 3715 499 3748 eo
511 3699 628 3750 invenire
639 3697 715 3764 licet,
728 3699 801 3769 quod
852 3699 968 3752 Verrunt
992 3699 1121 3772 extemplo
1143 3699 1248 3773 placide
1274 3717 1347 3752 mare

307 3773 340 3824 de
358 3787 417 3824 ortu
431 3776 610 3828 memorabilis
623 3791 649 3829 et
661 3781 749 3850 magni
765 3781 802 3830 is·
850 3795 980 3828 maturiore
980 3779 1064 3855 flauo.

305 3854 358 3902 tius
371 3851 424 3903 diei
443 3856 542 3924 agitur,
555 3873 608 3924 quo
625 3859 738 3926 primum
751 3859 802 3910 lta·
887 3862 1012 3928 29-36.
1037 3861 1120 3914 Simili
1151 3879 1211 3912 cum
1243 3860 1345 3930 judicio

306 3929 369 3981 liam
382 3928 454 3980 illam
471 3950 486 3982 a
504 3933 566 3984 latis
576 3938 735 4004 promissam
748 3937 802 3988 adi·
851 3952 944 3991 ornati
966 3951 1028 3994 sunt
1050 3939 1122 4005 hnc,
1142 3959 1224 4010 quum
1240 3943 1295 4010 jam
1312 3938 1347 3992 de

306 4006 492 4076 bautTrojani.
502 4011 541 4062 De
548 4029 573 4062 v.
584 4014 616 4066 26
624 4031 648 4080 v,
657 4017 718 4068 Var.
729 4016 799 4068 Lect.
851 4031 937 4072 rium
951 4041 1066 4088 suuuna,
1079 4021 1112 4073 de
1126 4039 1234 4074 accessu
1247 4021 1280 4072 ad
1294 4021 1349 4070 lta-

304 4105 412 4157 posuere
423 4087 478 4140 scil.
492 4105 534 4154 ae,
549 4091 680 4162 quievere.
697 4096 736 4160 X,
753 4097 800 4150 103
849 4099 927 4166 liam,
940 4113 1047 4173 agatur,
1060 4104 1150 4174 itaque
1168 4102 1288 4154 locorum
1306 4099 1350 4152 la«
