2996 4694
455 371 689 438 citrinos
713 372 866 437 tinen
888 373 926 436 v.
1170 403 1212 466 77

178 493 806 585 Exoriturprocurvaingensperlitorn
819 475 951 574 fletus,x
1168 509 1213 574 765

177 602 336 690 Conplexi
348 602 434 664 inter
445 622 480 664 se
493 616 689 689 noctemque
701 598 857 689 diemque
869 607 1047 664 morantur.

178 709 262 795 lpsae
272 706 342 794 jorn
352 722 485 784 matres,
499 705 575 792 ipsi,
589 703 709 794 quibus
721 727 835 792 aspero
848 701 1016 792 quondam

177 811 255 874 Vise
267 811 363 874 maris
376 809 489 888 facies,
504 826 537 873 et
548 833 616 874 non
630 808 799 874 tolerabile
812 830 948 888 nomen,

179 917 231 978 Ire
243 913 371 993 volunt,
386 937 585 1002 omnemque
599 915 684 1000 fugae
697 913 843 1000 perferre
855 913 1012 978 lahorem.

177 1017 898 1102 QuosbonusAEneusdictissolaturemieis,
1171 1052 1215 1100 77⁰

209 1179 261 1240 766.
275 1178 432 1242 completique
441 1179 561 1222 Prone-
569 1177 623 1238 767.
635 1178 717 1238 lpcoej.
728 1191 757 1220 m.
768 1179 835 1240 ipse,
847 1193 870 1240 q.
880 1189 988 1240 quatuor.
999 1179 1075 1224 Burni.
1082 1213 1089 1235 ,
1100 1193 1123 1226 et
1137 1183 1169 1228 ric
1179 1199 1216 1245 ap.

178 1251 288 1296 Nonium.
296 1274 327 1287 -
335 1250 387 1312 768.
398 1263 485 1294 ιιοιιιοιι.
496 1248 562 1294 Adeo
568 1247 664 1294 fluctuat
674 1249 807 1294 criticorum
819 1263 889 1311 opera
900 1251 924 1294 in
934 1249 1024 1306 multie,
1035 1263 1073 1304 ut,
1085 1253 1149 1314 quod
1158 1252 1217 1300 alter

177 1323 295 1384 reposuit,
314 1319 372 1368 alter
387 1320 492 1381 rejiciat,
509 1320 621 1381 ch'ectum
635 1315 693 1362 aliue
707 1315 810 1362 reducat.
821 1317 874 1375 Quo
884 1319 934 1379 ipro
948 1333 1056 1382 apparet,
1071 1320 1131 1366 nihil
1146 1325 1218 1385 megia

177 1390 358 1453 improbandum
368 1404 417 1436 erte
429 1404 498 1451 quam
508 1391 652 1436 temerariam
665 1387 773 1434 lectionis
782 1389 940 1434 mutationem.
950 1389 1026 1452 Vulgo
1036 1391 1124 1437 editum
1134 1406 1168 1440 eet
1179 1409 1219 1438 nu·

178 1475 237 1506 mart.
248 1461 325 1508 licina.
339 1477 352 1506 e
365 1459 441 1505 Nonio
455 1458 642 1506 attrectem.
657 1474 693 1520 pr.
703 1469 839 1519 repoauerat
850 1473 937 1504 nomen.
955 1460 1079 1506 Revocavit
1092 1463 1218 1508 burmann.

178 1547 275 1588 numen,
287 1531 350 1578 nulla
367 1545 456 1586 tamen,
474 1530 538 1593 quod
557 1529 705 1592 expectabat,
722 1527 877 1591 explicatione
896 1530 933 1577 vel
951 1529 1106 1578 illustratione
1118 1533 1217 1595 adjecta.

177 1603 226 1647 Nee
235 1604 360 1665 quicquam
371 1600 453 1648 melius
462 1600 612 1663 suppeditant
621 1598 768 1645 membratur.
779 1599 835 1644 Nam
846 1601 910 1662 quod
925 1603 950 1646 in
959 1613 1060 1664 utroque
1074 1603 1155 1650 ilamb.
1173 1605 1218 1650 ad·
1242 1595 1247 1604 ⁵

176 1675 287 1734 acriptum
302 1689 346 1735 pro
357 1691 404 1720 var.
419 1671 472 1719 lect.
489 1670 527 1718 rel
545 1669 634 1726 ἱιιιιιοιι,
650 1685 773 1733 perperam
789 1668 883 1716 factum.
902 1674 1031 1720 llomanue:
1045 1689 1089 1720 non
1106 1674 1218 1722 tolerabile

175 1740 272 1798 coelum,·
289 1745 321 1789 ric
340 1756 363 1790 et
379 1742 495 1798 Perrhae,
508 1741 572 1804 qood
586 1757 629 1803 per
644 1755 669 1787 ae
680 1740 769 1786 bonnm
782 1755 875 1786 remum
891 1740 975 1799 habet,
994 1743 1065 1790 modo
1085 1748 1219 1794 meminerit

176 1813 258 1860 calum
269 1829 318 1861 esee
330 1826 503 1877 tempeatatero,
514 1814 593 1876 cujus,
605 1825 675 1874 puto,
688 1813 846 1874 navigantium
856 1812 982 1874 plurimum
992 1817 1095 1862 intereat.
1106 1817 1154 1864 lloc
1164 1819 1218 1882 qui·

176 1883 243 1940 dem,
255 1886 273 1930 ti
283 1885 313 1930 de
325 1900 377 1930 meo
388 1895 429 1930 aut
439 1899 509 1930 aenou
517 1893 558 1929 aut
564 1881 656 1944 judicio
665 1883 777 1944 queritur
781 1913 789 1936 ,
799 1881 931 1943 praeleram3
941 1881 1011 1928 habet
1020 1885 1082 1929 enim
1092 1890 1218 1934 auctorita-

176 1963 223 1998 ιιι
235 1953 356 2008 idoneum
369 1966 402 2000 cat
413 1955 504 2015 poetica
515 1953 620 1998 oratioue
633 1949 743 2012 dignum
755 1953 821 1996 notio
832 1950 884 1998 eceli
893 1965 927 1999 eat
938 1955 1110 2002 accommodata
1122 1959 1218 2020 nariga-

178 2025 250 2078 tioni5
268 2038 329 2070 more
346 2035 369 2068 et
381 2022 462 2070 coelum
470 2025 570 2086 junctim
584 2023 707 2066 memorari
718 2020 824 2068 sollenne
836 2033 882 2076 eet;
900 2023 941 2084 qui
952 2037 1015 2070 mare
1026 2023 1118 2081 horret,
1138 2026 1219 2074 horret

179 2107 274 2154 quoque
287 2090 381 2158 carlum,
391 2096 447 2139 atria
455 2091 557 2138 nubibus
566 2089 694 2137 obductum
705 2102 729 2135 et
737 2093 812 2136 veutia
824 2090 954 2146 turbatum
966 2093 1016 2154 ejoa
1026 2091 1147 2154 adepectut
1158 2097 1219 2144 adeo

180 2175 229 2208 cate
245 2173 322 2222 puteat
336 2162 446 2208 terribilia
461 2175 485 2208 et
500 2158 656 2215 numeratum
675 2175 730 2221 erpo
742 2174 817 2214 nunc,
834 2159 916 2222 quibus
928 2176 989 2206 mure
1000 2164 1071 2206 vuum
1082 2179 1186 2225 asperum
1197 2173 1220 2210 ec

150 2283 155 2294 Ι
179 2245 225 2276 non
235 2230 346 2278 tolerabile
356 2231 436 2280 crelam
447 2235 511 2278 omni
520 2231 590 2277 modo
599 2231 723 2276 convenire
734 2229 808 2274 videri
819 2242 903 2290 puteat.
922 2230 1021 2276 Videtur
1031 2247 1085 2278 aene
1095 2232 1165 2280 lectio
1180 2251 1220 2280 nu·

178 2315 243 2356 men,
259 2299 349 2364 aliquid
365 2303 480 2349 reconditi
494 2301 594 2356 haberc;
610 2301 659 2347 tire
676 2312 753 2346 tamen
764 2313 847 2344 numen
858 2303 926 2345 moris
938 2301 968 2345 ad
979 2301 1113 2362 Neptunum
1125 2319 1151 2349 ac
1163 2305 1220 2352 dcoa

180 2373 283 2418 marinos
292 2372 352 2419 trahi
361 2373 430 2430 velia,
440 2374 488 2420 eive
498 2387 579 2418 numen
588 2371 617 2417 ad
627 2371 685 2426 fate,
695 2371 810 2415 vaticiniit
818 2381 841 2416 et
848 2371 950 2432 auguriia
959 2383 1095 2428 monstrata,
1106 2385 1128 2418 et
1135 2374 1164 2419 ad
1171 2376 1221 2421 lor·

179 2452 260 2488 umam
265 2476 274 2499 ,
285 2455 380 2502 etatum,
394 2445 552 2492 conditionem
561 2459 604 2506 per
613 2441 652 2489 illa
663 2441 811 2497 dettinatam,
824 2441 911 2488 relcraa
921 2444 928 2500 (
937 2443 969 2488 uti
978 2459 998 2488 r.
1007 2459 1028 2488 c.
1038 2443 1081 2500 tlt,
1092 2445 1136 2492 363
1144 2451 1221 2492 cuncti

179 2519 301 2559 ememor
308 2519 397 2560 rmmtire
403 2515 461 2570 divi,·
466 2518 514 2578 Jam
524 2526 600 2560 autem
607 2527 678 2574 aupra
685 2512 731 2558 fatu
739 2523 861 2567 accusant,
869 2523 978 2574 tanquam
986 2512 1044 2558 dura
1053 2525 1075 2558 et
1085 2514 1187 2563 crudelia
1197 2519 1219 2576 );

179 2595 288 2630 neutrum
300 2602 352 2634 cum
365 2587 411 2634 loci
422 2588 536 2634 cententio
549 2595 708 2648 comparatum
720 2585 774 2629 anne
786 2582 896 2630 idoneum
909 2598 971 2638 erte,
983 2596 1023 2630 aut
1034 2600 1115 2631 numen
1127 2603 1170 2634 non
1183 2597 1219 2636 to-

179 2649 270 2702 lembt'le
278 2657 339 2706 bene
348 2659 407 2715 dici,
417 2660 553 2722 comperiet.
563 2659 667 2710 Numen,
676 2649 788 2714 Merra,
799 2655 828 2701 de
840 2655 932 2702 fortuna
942 2655 1001 2712 clici,
1011 2661 1126 2705 sententia
1136 2676 1164 2706 eo
1173 2660 1219 2707 du-

177 2739 259 2786 cente,
273 2745 342 2777 nemo
354 2732 458 2786 dubitet,
471 2743 495 2776 at
508 2731 570 2776 enim
581 2743 664 2774 ttamen
676 2724 813 2772 uttclerabr'le
825 2726 924 2774 ollendit
935 2743 978 2790 per
989 2743 1026 2784 κς
1040 2741 1089 2776 tum
1101 2745 1149 2776 non
1160 2747 1218 2777 con-

177 2802 241 2846 venit
259 2817 313 2848 cum
328 2802 424 2867 reliquie
438 2820 443 2850 ε
455 2803 535 2867 quibus
546 2817 608 2848 mare
619 2805 692 2846 uuum
702 2815 807 2864 asperum
816 2809 840 2846 et
846 2799 945 2863 fortuna
957 2804 1005 2847 υιζια
1017 2811 1053 2847 est
1066 2801 1218 2852 intolerabilia.

178 2869 243 2917 Marc
256 2885 279 2918 et
293 2875 384 2922 fortuna
396 2891 443 2921 non
456 2877 528 2922 amice
540 2875 669 2920 consociari
681 2872 808 2918 ridentur:
824 2871 888 2934 quod
903 2885 990 2918 terrere
1001 2884 1103 2934 poterat,
1121 2887 1168 2921 erat
1180 2892 1219 2923 re·

180 2941 285 2988 cordatio
299 2961 451 2992 aerumnarum
466 2959 488 2992 et
504 2945 664 2990 discriminum
678 2945 746 2988 moris
759 2941 853 3006 eclt'que
868 2941 1065 2988 vicinitudinibua
1076 2948 1219 3006 provenien-

179 3009 246 3054 tium.
256 3013 312 3057 eum
323 3016 401 3078 itaque
412 3031 529 3062 versemur
538 3017 562 3060 iu
571 3030 628 3060 voce
639 3025 672 3058 tot
682 3011 830 3058 librariorum
840 3010 948 3058 ludibriia
957 3011 1068 3068 obnoxie,
1078 3029 1170 3068 nomen,
1180 3029 1219 3058 rtu-

181 3091 245 3132 men,
257 3077 343 3137 lumen,
357 3082 449 3140 coebtm,
461 3084 580 3130 lleineium
591 3083 699 3129 deterere
711 3080 790 3139 nolui,
805 3097 874 3145 quem
887 3095 909 3128 et
920 3081 1020 3127 brunei.
1033 3094 1096 3128 recte
1107 3095 1220 3144 aequutoe

182 3157 229 3201 eat,
241 3148 371 3212 reduxique
383 3152 442 3198 adeo
452 3169 542 3206 nemen:
551 3153 616 3216 quod
625 3153 686 3198 bene
695 3153 770 3198 tentio
780 3153 810 3198 ad
821 3152 957 3214 dignitatem
969 3153 1058 3213 epicam
1070 3150 1132 3197 baud
1144 3167 1221 3199 aetur-

182 3233 251 3277 μη,
264 3234 355 3266 aeneum
366 3234 444 3268 tamen
455 3223 525 3268 habet
536 3221 671 3284 expeditam
685 3237 691 3267 z
703 3237 765 3268 mare
777 3221 888 3284 adspectu
901 3223 1012 3285 dictuque
1024 3221 1170 3268 intolerabile
1181 3225 1220 3271 ri-

182 3303 241 3336 ιιιιιι.
251 3314 283 3325 --
292 3291 345 3353 769.
355 3307 474 3356 omnaque
485 3295 544 3339 Ven.
553 3292 654 3355 proferre
663 3295 739 3354 Sprot.
748 3315 779 3328 -·
788 3308 840 3354 77⁰·
852 3293 938 3355 affatui
948 3309 970 3338 a.
983 3304 1036 3338 tert·
1045 3292 1155 3338 Rottcnd.
1166 3308 1178 3337 a
1188 3307 1220 3343 m,

183 3433 337 3487 inferiarum
347 3436 427 3488 ritum
438 3435 471 3488 ab
480 3435 567 3488 AEneae
579 3450 678 3504 paren-
727 3447 877 3499 expressum
887 3433 962 3486 Statii
972 3436 999 3484 in
1009 3432 1126 3484 discessu
1140 3430 1221 3483 Achi-

184 3511 232 3564 tali
249 3529 323 3565 sacro
344 3519 506 3587 repetierunt
524 3513 604 3586 vulgo
624 3511 677 3561 llo-
727 3527 820 3561 vorum
833 3509 877 3561 lib.
892 3515 942 3577 lv,
959 3513 989 3564 16
1001 3529 1040 3580 eq.

184 3594 272 3656 mani,
285 3607 313 3644 ut
329 3596 458 3668 intelligas
472 3614 503 3648 ex
514 3592 592 3646 Ovid.
606 3593 676 3642 Fert.
762 3589 812 3659 767
821 3617 853 3630 -
865 3591 923 3659 769.
935 3591 1044 3662 Egregie
1061 3589 1095 3641 ad
1110 3589 1220 3644 hument

110 3675 113 3689 ¹
184 3672 225 3740 11,
248 3671 299 3740 543
322 3691 377 3744 seq.
398 3676 538 3727 -creber
561 3671 678 3744 aspirans
727 3672 808 3722 animi
818 3670 950 3724 levitatem
963 3684 988 3723 et
999 3673 1217 3726 inconstantiam!

185 3751 677 3824 auster.Scilicetcrebcrprimitit'avi,
727 3753 761 3803 cf.
779 3750 859 3804 eund.
879 3752 988 3804 Statium
1010 3769 1041 3806 aa
1061 3770 1099 3823 sq.
1124 3771 1219 3807 nomen

185 3835 342 3886 increscens.
359 3834 521 3886 Crebrescunt
532 3844 680 3903 optatoeau·
727 3845 758 3883 nt
780 3850 813 3884 ne
837 3832 931 3884 auditu
952 3831 1058 3904 quidem
1082 3832 1219 3887 tolerabile

188 3927 290 3982 raesup.
304 3914 425 3976 111‚530.
440 3911 480 3962 Ad
496 3923 578 3962 totum
591 3911 679 3962 locum
729 3923 804 3962 esset.
829 3911 881 3963 rid.
906 3913 968 3964 Var.
992 3912 1062 3964 lect.
1084 3925 1110 3964 et
1128 3912 1218 3984 supa,

187 3993 291 4044 confert
302 3992 390 4044 Valet.
401 3991 524 4044 Flaccum
533 3991 579 4042 lib.
589 3993 615 4055 1,
628 3991 678 4044 lta
729 4003 758 4042 ut
771 3993 827 4060 jein
846 4011 914 4064 eaepe
933 4011 982 4064 pro
1003 3993 1144 4045 erroribus.
1157 3995 1220 4043 Mox

185 4071 679 4146 eqq.l¹omponiua.Addelocumlrinc
730 4067 869 4128 lacrimans
895 4074 963 4129 bene
988 4091 1019 4126 ea
1044 4091 1158 4146 perrona
1181 4074 1219 4144 pii
