<?xml version="1.0" encoding="UTF-8"?>
<!DOCTYPE html PUBLIC "-//W3C//DTD XHTML 1.0 Transitional//EN"
    "http://www.w3.org/TR/xhtml1/DTD/xhtml1-transitional.dtd">
<html xmlns="http://www.w3.org/1999/xhtml" xml:lang="en" lang="en">
 <head>
  <title>
</title>
<meta http-equiv="Content-Type" content="text/html;charset=utf-8" />
  <meta name='ocr-system' content='tesseract 3.04.00' />
  <meta name='ocr-capabilities' content='ocr_page ocr_carea ocr_par ocr_line ocrx_word'/>
</head>
<body>
  <div class='ocr_page' id='page_1' title='image "./pvirgiliusmaroq05barbgoog_0255.png"; bbox 0 0 3028 4682; ppageno 0'>
   <div class='ocr_carea' id='block_1_1' title="bbox 502 325 1233 465">
    <p class='ocr_par' dir='ltr' id='par_1_1' title="bbox 502 325 1233 465">
     <span class='ocr_line' id='line_1_1' title="bbox 502 325 1233 465; baseline 0.015 -28"><span class='ocrx_word' id='word_1_1' title='bbox 502 325 587 438; x_wconf 73' lang='lat' dir='ltr'>&#39;so</span> <span class='ocrx_word' id='word_1_2' title='bbox 611 371 813 439; x_wconf 77' lang='lat' dir='ltr'>aranon</span> <span class='ocrx_word' id='word_1_3' title='bbox 835 373 899 440; x_wconf 79' lang='lat' dir='ltr'>ur.</span> <span class='ocrx_word' id='word_1_4' title='bbox 1172 382 1233 465; x_wconf 69' lang='lat'>245</span> 
     </span>
    </p>
   </div>
   <div class='ocr_carea' id='block_1_2' title="bbox 186 493 1239 2478">
    <p class='ocr_par' dir='ltr' id='par_1_2' title="bbox 190 493 1239 970">
     <span class='ocr_line' id='line_1_2' title="bbox 191 493 1237 576; baseline 0.01 -29"><span class='ocrx_word' id='word_1_5' title='bbox 191 494 272 548; x_wconf 85' lang='lat' dir='ltr'>ricaro</span> <span class='ocrx_word' id='word_1_6' title='bbox 291 493 411 548; x_wconf 78' lang='lat' dir='ltr'>Manium</span> <span class='ocrx_word' id='word_1_7' title='bbox 427 496 610 548; x_wconf 73' lang='lat' dir='ltr'>evocationem</span> <span class='ocrx_word' id='word_1_8' title='bbox 627 499 740 550; x_wconf 81' lang='lat' dir='ltr'>retinere</span> <span class='ocrx_word' id='word_1_9' title='bbox 753 497 846 550; x_wconf 86' lang='lat' dir='ltr'>maluit</span> <span class='ocrx_word' id='word_1_10' title='bbox 858 495 941 552; x_wconf 77' lang='lat' dir='ltr'><strong><em>Silius</em></strong></span> <span class='ocrx_word' id='word_1_11' title='bbox 952 495 1025 566; x_wconf 87' lang='lat' dir='ltr'>Xlll,</span> <span class='ocrx_word' id='word_1_12' title='bbox 1037 501 1090 569; x_wconf 71' lang='lat' dir='ltr'>loo</span> <span class='ocrx_word' id='word_1_13' title='bbox 1102 520 1176 574; x_wconf 80' lang='lat' dir='ltr'>sqq,</span> <span class='ocrx_word' id='word_1_14' title='bbox 1189 506 1237 576; x_wconf 90' lang='lat' dir='ltr'>qni</span> 
     </span>
     <span class='ocr_line' id='line_1_3' title="bbox 190 574 1239 657; baseline 0.012 -31"><span class='ocrx_word' id='word_1_15' title='bbox 190 584 280 626; x_wconf 82' lang='lat' dir='ltr'>tamen</span> <span class='ocrx_word' id='word_1_16' title='bbox 290 574 362 628; x_wconf 88' lang='lat' dir='ltr'>idem</span> <span class='ocrx_word' id='word_1_17' title='bbox 372 577 465 629; x_wconf 80' lang='lat' dir='ltr'>lovem</span> <span class='ocrx_word' id='word_1_18' title='bbox 478 577 575 628; x_wconf 87' lang='lat' dir='ltr'>Veneri</span> <span class='ocrx_word' id='word_1_19' title='bbox 590 578 706 629; x_wconf 79' lang='lat' dir='ltr'>futurem</span> <span class='ocrx_word' id='word_1_20' title='bbox 719 579 900 632; x_wconf 82' lang='lat' dir='ltr'>Romanorum</span> <span class='ocrx_word' id='word_1_21' title='bbox 911 581 1047 634; x_wconf 80' lang='lat' dir='ltr'>fortunam</span> <span class='ocrx_word' id='word_1_22' title='bbox 1059 585 1239 657; x_wconf 88' lang='lat' dir='ltr'>interpretan-</span> 
     </span>
     <span class='ocr_line' id='line_1_4' title="bbox 190 655 1235 737; baseline 0.012 -33"><span class='ocrx_word' id='word_1_23' title='bbox 190 665 243 706; x_wconf 83' lang='lat' dir='ltr'>tem</span> <span class='ocrx_word' id='word_1_24' title='bbox 256 655 358 708; x_wconf 89' lang='lat' dir='ltr'>inducit</span> <span class='ocrx_word' id='word_1_25' title='bbox 369 657 414 710; x_wconf 92' lang='lat' dir='ltr'>lib.</span> <span class='ocrx_word' id='word_1_26' title='bbox 428 658 477 723; x_wconf 84' lang='grc' dir='ltr'>ΙΙΙ,</span> <span class='ocrx_word' id='word_1_27' title='bbox 493 657 544 727; x_wconf 82' lang='lat'>570</span> <span class='ocrx_word' id='word_1_28' title='bbox 556 675 614 728; x_wconf 86' lang='lat' dir='ltr'><strong>sqq.</strong></span> <span class='ocrx_word' id='word_1_29' title='bbox 627 657 638 727; x_wconf 96' lang='lat'>(</span> <span class='ocrx_word' id='word_1_30' title='bbox 651 658 756 729; x_wconf 72' lang='lat' dir='ltr'>Virgilii</span> <span class='ocrx_word' id='word_1_31' title='bbox 768 659 824 711; x_wconf 88' lang='lat' dir='ltr'>lere</span> <span class='ocrx_word' id='word_1_32' title='bbox 837 659 957 730; x_wconf 86' lang='lat' dir='ltr'>exemplo</span> <span class='ocrx_word' id='word_1_33' title='bbox 971 661 1027 713; x_wconf 79' lang='lat' dir='ltr'>AEn.</span> <span class='ocrx_word' id='word_1_34' title='bbox 1043 664 1127 734; x_wconf 80' lang='lat'><strong>1‚257</strong></span> <span class='ocrx_word' id='word_1_35' title='bbox 1144 683 1202 737; x_wconf 85' lang='lat' dir='ltr'>sqq.</span> <span class='ocrx_word' id='word_1_36' title='bbox 1216 666 1235 737; x_wconf 89' lang='lat'>).</span> 
     </span>
     <span class='ocr_line' id='line_1_5' title="bbox 190 733 1238 815; baseline 0.01 -29"><span class='ocrx_word' id='word_1_37' title='bbox 190 733 316 789; x_wconf 79' lang='lat' dir='ltr'>Manibus</span> <span class='ocrx_word' id='word_1_38' title='bbox 328 739 434 792; x_wconf 73' lang='lat' dir='ltr'>Tiresiae</span> <span class='ocrx_word' id='word_1_39' title='bbox 447 739 564 790; x_wconf 88' lang='lat' dir='ltr'>evocatis</span> <span class='ocrx_word' id='word_1_40' title='bbox 577 740 661 790; x_wconf 89' lang='lat' dir='ltr'>utitur</span> <span class='ocrx_word' id='word_1_41' title='bbox 672 739 772 790; x_wconf 83' lang='lat' dir='ltr'>Statius</span> <span class='ocrx_word' id='word_1_42' title='bbox 784 741 811 791; x_wconf 91' lang='lat' dir='ltr'>in</span> <span class='ocrx_word' id='word_1_43' title='bbox 820 738 904 792; x_wconf 83' lang='lat' dir='ltr'>Theb.</span> <span class='ocrx_word' id='word_1_44' title='bbox 917 742 966 803; x_wconf 81' lang='lat' dir='ltr'>tv,</span> <span class='ocrx_word' id='word_1_45' title='bbox 979 744 1031 810; x_wconf 75' lang='lat'>406</span> <span class='ocrx_word' id='word_1_46' title='bbox 1043 761 1100 815; x_wconf 82' lang='lat' dir='ltr'>sqq.</span> <span class='ocrx_word' id='word_1_47' title='bbox 1116 745 1238 796; x_wconf 83' lang='lat' dir='ltr'>Lucanus</span> 
     </span>
     <span class='ocr_line' id='line_1_6' title="bbox 190 814 1239 890; baseline 0.009 -26"><span class='ocrx_word' id='word_1_48' title='bbox 190 827 260 884; x_wconf 73' lang='lat' dir='ltr'>sagea</span> <span class='ocrx_word' id='word_1_49' title='bbox 268 814 401 868; x_wconf 76' lang='lat' dir='ltr'>&#39;l&#39;bcssaloe</span> <span class='ocrx_word' id='word_1_50' title='bbox 409 815 551 880; x_wconf 79' lang='lat' dir='ltr'>veneficio,</span> <span class='ocrx_word' id='word_1_51' title='bbox 561 818 589 868; x_wconf 90' lang='lat' dir='ltr'>in</span> <span class='ocrx_word' id='word_1_52' title='bbox 598 817 717 869; x_wconf 89' lang='lat' dir='ltr'>membra</span> <span class='ocrx_word' id='word_1_53' title='bbox 726 831 851 870; x_wconf 85' lang='lat' dir='ltr'>revocato</span> <span class='ocrx_word' id='word_1_54' title='bbox 860 819 955 890; x_wconf 87' lang='lat' dir='ltr'>spiritu</span> <span class='ocrx_word' id='word_1_55' title='bbox 965 819 1079 874; x_wconf 88' lang='lat' dir='ltr'>cadaver</span> <span class='ocrx_word' id='word_1_56' title='bbox 1091 824 1200 890; x_wconf 86' lang='lat' dir='ltr'>animat,</span> <span class='ocrx_word' id='word_1_57' title='bbox 1211 832 1239 875; x_wconf 89' lang='lat' dir='ltr'>et</span> 
     </span>
     <span class='ocr_line' id='line_1_7' title="bbox 190 893 1015 970; baseline 0.01 -29"><span class='ocrx_word' id='word_1_58' title='bbox 190 909 285 963; x_wconf 73' lang='lat' dir='ltr'>pugne</span> <span class='ocrx_word' id='word_1_59' title='bbox 297 893 453 948; x_wconf 71' lang='lat' dir='ltr'>Pharsalica</span> <span class='ocrx_word' id='word_1_60' title='bbox 463 907 585 948; x_wconf 83' lang='lat' dir='ltr'>eventurn</span> <span class='ocrx_word' id='word_1_61' title='bbox 598 897 759 966; x_wconf 75' lang='lat' dir='ltr'>prenuntiat</span> <span class='ocrx_word' id='word_1_62' title='bbox 770 896 818 948; x_wconf 87' lang='lat' dir='ltr'>lib.</span> <span class='ocrx_word' id='word_1_63' title='bbox 831 899 881 964; x_wconf 87' lang='lat' dir='ltr'>Vl,</span> <span class='ocrx_word' id='word_1_64' title='bbox 895 897 946 966; x_wconf 88' lang='lat'>750</span> <span class='ocrx_word' id='word_1_65' title='bbox 957 915 1015 970; x_wconf 85' lang='lat' dir='ltr'>sqq.</span> 
     </span>
    </p>

    <p class='ocr_par' dir='ltr' id='par_1_3' title="bbox 187 970 1237 1906">
     <span class='ocr_line' id='line_1_8' title="bbox 225 970 1237 1048; baseline 0.006 -26"><span class='ocrx_word' id='word_1_66' title='bbox 225 970 298 1024; x_wconf 84' lang='lat' dir='ltr'>Nihil</span> <span class='ocrx_word' id='word_1_67' title='bbox 308 973 388 1029; x_wconf 84' lang='lat' dir='ltr'>inbis</span> <span class='ocrx_word' id='word_1_68' title='bbox 401 977 529 1040; x_wconf 88' lang='lat' dir='ltr'>occurrit,</span> <span class='ocrx_word' id='word_1_69' title='bbox 546 973 620 1044; x_wconf 86' lang='lat' dir='ltr'>quod</span> <span class='ocrx_word' id='word_1_70' title='bbox 632 993 792 1048; x_wconf 77' lang='lat' dir='ltr'>magnopere</span> <span class='ocrx_word' id='word_1_71' title='bbox 806 977 917 1028; x_wconf 87' lang='lat' dir='ltr'>mireris.</span> <span class='ocrx_word' id='word_1_72' title='bbox 931 977 961 1028; x_wconf 94' lang='lat' dir='ltr'>ln</span> <span class='ocrx_word' id='word_1_73' title='bbox 973 995 1027 1028; x_wconf 88' lang='lat' dir='ltr'>uno</span> <span class='ocrx_word' id='word_1_74' title='bbox 1041 977 1179 1030; x_wconf 86' lang='lat' dir='ltr'>rel&#39;altero</span> <span class='ocrx_word' id='word_1_75' title='bbox 1192 995 1237 1048; x_wconf 72' lang='lat' dir='ltr'>ge·</span> 
     </span>
     <span class='ocr_line' id='line_1_9' title="bbox 189 1053 1237 1130; baseline 0.004 -26"><span class='ocrx_word' id='word_1_76' title='bbox 189 1067 253 1104; x_wconf 80' lang='lat' dir='ltr'>nere</span> <span class='ocrx_word' id='word_1_77' title='bbox 271 1053 446 1107; x_wconf 85' lang='lat' dir='ltr'>substiterunt</span> <span class='ocrx_word' id='word_1_78' title='bbox 466 1068 568 1108; x_wconf 83' lang='lat' dir='ltr'>veteres</span> <span class='ocrx_word' id='word_1_79' title='bbox 588 1073 687 1108; x_wconf 85' lang='lat' dir='ltr'>omnes.</span> <span class='ocrx_word' id='word_1_80' title='bbox 705 1057 740 1106; x_wconf 80' lang='lat' dir='ltr'>Ar</span> <span class='ocrx_word' id='word_1_81' title='bbox 756 1057 917 1108; x_wconf 74' lang='lat' dir='ltr'>recentiores</span> <span class='ocrx_word' id='word_1_82' title='bbox 929 1069 1014 1128; x_wconf 74' lang='lat' dir='ltr'>poeta</span> <span class='ocrx_word' id='word_1_83' title='bbox 1027 1060 1110 1130; x_wconf 84' lang='lat' dir='ltr'>epici,</span> <span class='ocrx_word' id='word_1_84' title='bbox 1122 1074 1237 1128; x_wconf 88' lang='lat' dir='ltr'>quorum</span> 
     </span>
     <span class='ocr_line' id='line_1_10' title="bbox 188 1129 1236 1208; baseline 0.009 -28"><span class='ocrx_word' id='word_1_85' title='bbox 188 1129 352 1186; x_wconf 86' lang='lat' dir='ltr'>incredibilis</span> <span class='ocrx_word' id='word_1_86' title='bbox 369 1147 408 1189; x_wconf 88' lang='lat' dir='ltr'>est</span> <span class='ocrx_word' id='word_1_87' title='bbox 427 1153 567 1201; x_wconf 84' lang='lat' dir='ltr'>numerus,</span> <span class='ocrx_word' id='word_1_88' title='bbox 586 1137 708 1189; x_wconf 76' lang='lat' dir='ltr'>varietati</span> <span class='ocrx_word' id='word_1_89' title='bbox 721 1148 748 1188; x_wconf 91' lang='lat' dir='ltr'>et</span> <span class='ocrx_word' id='word_1_90' title='bbox 764 1137 874 1188; x_wconf 82' lang='lat' dir='ltr'>novitati</span> <span class='ocrx_word' id='word_1_91' title='bbox 892 1139 978 1208; x_wconf 86' lang='lat' dir='ltr'>primo</span> <span class='ocrx_word' id='word_1_92' title='bbox 995 1137 1056 1190; x_wconf 94' lang='lat' dir='ltr'>loco</span> <span class='ocrx_word' id='word_1_93' title='bbox 1075 1136 1236 1190; x_wconf 86' lang='lat' dir='ltr'>studendum</span> 
     </span>
     <span class='ocr_line' id='line_1_11' title="bbox 190 1211 1237 1287; baseline 0.008 -28"><span class='ocrx_word' id='word_1_94' title='bbox 190 1226 247 1262; x_wconf 86' lang='lat' dir='ltr'>esse</span> <span class='ocrx_word' id='word_1_95' title='bbox 260 1211 381 1268; x_wconf 86' lang='lat' dir='ltr'>arbitrati</span> <span class='ocrx_word' id='word_1_96' title='bbox 391 1227 461 1267; x_wconf 86' lang='lat' dir='ltr'>sunt.</span> <span class='ocrx_word' id='word_1_97' title='bbox 470 1217 564 1286; x_wconf 87' lang='lat' dir='ltr'>ltaque</span> <span class='ocrx_word' id='word_1_98' title='bbox 573 1233 664 1268; x_wconf 83' lang='lat' dir='ltr'>omnes</span> <span class='ocrx_word' id='word_1_99' title='bbox 677 1216 793 1266; x_wconf 80' lang='lat' dir='ltr'>rationes</span> <span class='ocrx_word' id='word_1_100' title='bbox 804 1233 835 1266; x_wconf 87' lang='lat' dir='ltr'>ac</span> <span class='ocrx_word' id='word_1_101' title='bbox 845 1217 901 1267; x_wconf 82' lang='lat' dir='ltr'>vias</span> <span class='ocrx_word' id='word_1_102' title='bbox 912 1217 1170 1287; x_wconf 80' lang='lat' dir='ltr'>circumspexerunt,</span> <span class='ocrx_word' id='word_1_103' title='bbox 1180 1216 1237 1286; x_wconf 92' lang='lat' dir='ltr'>qui·</span> 
     </span>
     <span class='ocr_line' id='line_1_12' title="bbox 188 1285 1237 1367; baseline 0.006 -29"><span class='ocrx_word' id='word_1_104' title='bbox 188 1285 240 1338; x_wconf 89' lang='lat' dir='ltr'>bus</span> <span class='ocrx_word' id='word_1_105' title='bbox 253 1291 347 1344; x_wconf 80' lang='lat' dir='ltr'>futuru</span> <span class='ocrx_word' id='word_1_106' title='bbox 366 1313 407 1346; x_wconf 90' lang='lat' dir='ltr'>res</span> <span class='ocrx_word' id='word_1_107' title='bbox 424 1309 531 1365; x_wconf 87' lang='lat' dir='ltr'>possent</span> <span class='ocrx_word' id='word_1_108' title='bbox 546 1294 669 1365; x_wconf 71' lang='lat' dir='ltr'>prodici,</span> <span class='ocrx_word' id='word_1_109' title='bbox 683 1296 768 1365; x_wconf 86' lang='lat' dir='ltr'>iisqne</span> <span class='ocrx_word' id='word_1_110' title='bbox 786 1295 950 1367; x_wconf 87' lang='lat' dir='ltr'>exponendis</span> <span class='ocrx_word' id='word_1_111' title='bbox 964 1297 1082 1348; x_wconf 87' lang='lat' dir='ltr'>carmina</span> <span class='ocrx_word' id='word_1_112' title='bbox 1094 1296 1169 1348; x_wconf 81' lang='lat' dir='ltr'>suari</span> <span class='ocrx_word' id='word_1_113' title='bbox 1181 1295 1237 1365; x_wconf 90' lang='lat' dir='ltr'>epi·</span> 
     </span>
     <span class='ocr_line' id='line_1_13' title="bbox 189 1367 1235 1447; baseline 0.008 -30"><span class='ocrx_word' id='word_1_114' title='bbox 189 1367 267 1420; x_wconf 85' lang='lat' dir='ltr'>sodio</span> <span class='ocrx_word' id='word_1_115' title='bbox 289 1375 387 1426; x_wconf 85' lang='lat' dir='ltr'>ornari.</span> <span class='ocrx_word' id='word_1_116' title='bbox 407 1375 497 1442; x_wconf 87' lang='lat' dir='ltr'>Quom</span> <span class='ocrx_word' id='word_1_117' title='bbox 516 1393 579 1426; x_wconf 87' lang='lat' dir='ltr'>rero</span> <span class='ocrx_word' id='word_1_118' title='bbox 597 1375 713 1427; x_wconf 86' lang='lat' dir='ltr'>rationes</span> <span class='ocrx_word' id='word_1_119' title='bbox 725 1375 776 1426; x_wconf 80' lang='lat' dir='ltr'>illu</span> <span class='ocrx_word' id='word_1_120' title='bbox 789 1393 820 1428; x_wconf 83' lang='lat' dir='ltr'>ac</span> <span class='ocrx_word' id='word_1_121' title='bbox 833 1374 906 1426; x_wconf 89' lang='lat' dir='ltr'>rnodi</span> <span class='ocrx_word' id='word_1_122' title='bbox 925 1377 978 1428; x_wconf 90' lang='lat' dir='ltr'>sint</span> <span class='ocrx_word' id='word_1_123' title='bbox 991 1377 1072 1447; x_wconf 86' lang='lat' dir='ltr'>pauci</span> <span class='ocrx_word' id='word_1_124' title='bbox 1090 1374 1235 1428; x_wconf 81' lang='lat' dir='ltr'>admodum</span> 
     </span>
     <span class='ocr_line' id='line_1_14' title="bbox 188 1453 1236 1526; baseline 0.008 -29"><span class='ocrx_word' id='word_1_125' title='bbox 188 1465 315 1516; x_wconf 85' lang='lat' dir='ltr'>numero,</span> <span class='ocrx_word' id='word_1_126' title='bbox 328 1455 444 1525; x_wconf 85' lang='lat' dir='ltr'>novique</span> <span class='ocrx_word' id='word_1_127' title='bbox 454 1455 522 1507; x_wconf 87' lang='lat' dir='ltr'>adeo</span> <span class='ocrx_word' id='word_1_128' title='bbox 531 1456 632 1506; x_wconf 83' lang='lat' dir='ltr'>inventi</span> <span class='ocrx_word' id='word_1_129' title='bbox 641 1453 700 1506; x_wconf 87' lang='lat' dir='ltr'>laus</span> <span class='ocrx_word' id='word_1_130' title='bbox 710 1473 764 1506; x_wconf 90' lang='lat' dir='ltr'>non</span> <span class='ocrx_word' id='word_1_131' title='bbox 775 1455 898 1506; x_wconf 88' lang='lat' dir='ltr'>omnibus</span> <span class='ocrx_word' id='word_1_132' title='bbox 908 1467 976 1508; x_wconf 86' lang='lat' dir='ltr'>esset</span> <span class='ocrx_word' id='word_1_133' title='bbox 985 1467 1091 1526; x_wconf 84' lang='lat' dir='ltr'>parata,</span> <span class='ocrx_word' id='word_1_134' title='bbox 1101 1454 1236 1526; x_wconf 77' lang='lat' dir='ltr'>plerisque</span> 
     </span>
     <span class='ocr_line' id='line_1_15' title="bbox 188 1529 1236 1606; baseline 0.006 -28"><span class='ocrx_word' id='word_1_135' title='bbox 188 1529 217 1579; x_wconf 88' lang='lat' dir='ltr'>in</span> <span class='ocrx_word' id='word_1_136' title='bbox 228 1535 390 1585; x_wconf 78' lang='lat' dir='ltr'>ornamentis</span> <span class='ocrx_word' id='word_1_137' title='bbox 402 1547 428 1586; x_wconf 85' lang='lat' dir='ltr'>et</span> <span class='ocrx_word' id='word_1_138' title='bbox 440 1536 581 1606; x_wconf 73' lang='lat' dir='ltr'>pigmentis</span> <span class='ocrx_word' id='word_1_139' title='bbox 599 1553 682 1605; x_wconf 86' lang='lat' dir='ltr'>opera</span> <span class='ocrx_word' id='word_1_140' title='bbox 697 1536 748 1586; x_wconf 85' lang='lat' dir='ltr'>fuit</span> <span class='ocrx_word' id='word_1_141' title='bbox 762 1535 951 1587; x_wconf 86' lang='lat' dir='ltr'>consumenda.</span> <span class='ocrx_word' id='word_1_142' title='bbox 964 1537 1057 1606; x_wconf 85' lang='lat' dir='ltr'>ltaque</span> <span class='ocrx_word' id='word_1_143' title='bbox 1069 1537 1097 1587; x_wconf 91' lang='lat' dir='ltr'>in</span> <span class='ocrx_word' id='word_1_144' title='bbox 1111 1535 1236 1586; x_wconf 81' lang='lat' dir='ltr'>varietate</span> 
     </span>
     <span class='ocr_line' id='line_1_16' title="bbox 187 1611 1235 1684; baseline 0.005 -27"><span class='ocrx_word' id='word_1_145' title='bbox 187 1611 309 1678; x_wconf 86' lang='lat' dir='ltr'>quamvis</span> <span class='ocrx_word' id='word_1_146' title='bbox 320 1631 431 1684; x_wconf 67' lang='lat' dir='ltr'>magno,</span> <span class='ocrx_word' id='word_1_147' title='bbox 444 1615 466 1664; x_wconf 91' lang='lat' dir='ltr'>si</span> <span class='ocrx_word' id='word_1_148' title='bbox 478 1613 568 1684; x_wconf 84' lang='lat' dir='ltr'>plnres</span> <span class='ocrx_word' id='word_1_149' title='bbox 581 1613 739 1677; x_wconf 83' lang='lat' dir='ltr'>contuleris,</span> <span class='ocrx_word' id='word_1_150' title='bbox 756 1613 863 1664; x_wconf 72' lang='lat' dir='ltr'>taedians</span> <span class='ocrx_word' id='word_1_151' title='bbox 873 1626 962 1666; x_wconf 87' lang='lat' dir='ltr'>tamen</span> <span class='ocrx_word' id='word_1_152' title='bbox 974 1615 1040 1666; x_wconf 86' lang='lat' dir='ltr'>lacit</span> <span class='ocrx_word' id='word_1_153' title='bbox 1054 1612 1123 1664; x_wconf 88' lang='lat' dir='ltr'>idem</span> <span class='ocrx_word' id='word_1_154' title='bbox 1134 1611 1235 1682; x_wconf 89' lang='lat' dir='ltr'>ubique</span> 
     </span>
     <span class='ocr_line' id='line_1_17' title="bbox 187 1693 1235 1764; baseline 0.002 -24"><span class='ocrx_word' id='word_1_155' title='bbox 187 1701 322 1744; x_wconf 68' lang='lat' dir='ltr'>revertero</span> <span class='ocrx_word' id='word_1_156' title='bbox 339 1711 428 1746; x_wconf 87' lang='lat' dir='ltr'>rerum</span> <span class='ocrx_word' id='word_1_157' title='bbox 440 1694 523 1758; x_wconf 87' lang='lat' dir='ltr'>ordo,</span> <span class='ocrx_word' id='word_1_158' title='bbox 542 1693 635 1746; x_wconf 87' lang='lat' dir='ltr'>eadem</span> <span class='ocrx_word' id='word_1_159' title='bbox 651 1693 867 1764; x_wconf 76' lang='lat' dir='ltr'>phantasmatum</span> <span class='ocrx_word' id='word_1_160' title='bbox 880 1695 999 1764; x_wconf 82' lang='lat' dir='ltr'>spccics,</span> <span class='ocrx_word' id='word_1_161' title='bbox 1011 1707 1038 1746; x_wconf 86' lang='lat' dir='ltr'>et</span> <span class='ocrx_word' id='word_1_162' title='bbox 1049 1696 1076 1745; x_wconf 91' lang='lat' dir='ltr'>in</span> <span class='ocrx_word' id='word_1_163' title='bbox 1090 1709 1177 1746; x_wconf 88' lang='lat' dir='ltr'>rerum</span> <span class='ocrx_word' id='word_1_164' title='bbox 1190 1707 1235 1762; x_wconf 88' lang='lat' dir='ltr'>pa·</span> 
     </span>
     <span class='ocr_line' id='line_1_18' title="bbox 188 1769 1235 1846; baseline 0.003 -28"><span class='ocrx_word' id='word_1_165' title='bbox 188 1783 247 1818; x_wconf 85' lang='lat' dir='ltr'>rum</span> <span class='ocrx_word' id='word_1_166' title='bbox 260 1770 440 1838; x_wconf 87' lang='lat' dir='ltr'>probabilium</span> <span class='ocrx_word' id='word_1_167' title='bbox 453 1785 479 1825; x_wconf 88' lang='lat' dir='ltr'>et</span> <span class='ocrx_word' id='word_1_168' title='bbox 495 1771 672 1826; x_wconf 79' lang='lat' dir='ltr'>absurdarum</span> <span class='ocrx_word' id='word_1_169' title='bbox 689 1789 804 1846; x_wconf 83' lang='lat' dir='ltr'>operosa</span> <span class='ocrx_word' id='word_1_170' title='bbox 817 1774 1013 1846; x_wconf 79' lang='lat' dir='ltr'>conquisitione</span> <span class='ocrx_word' id='word_1_171' title='bbox 1027 1773 1151 1826; x_wconf 79' lang='lat' dir='ltr'>confessa</span> <span class='ocrx_word' id='word_1_172' title='bbox 1162 1769 1235 1842; x_wconf 72' lang='lat' dir='ltr'>inqe-</span> 
     </span>
     <span class='ocr_line' id='line_1_19' title="bbox 187 1846 493 1906; baseline 0.029 -11"><span class='ocrx_word' id='word_1_173' title='bbox 187 1846 293 1898; x_wconf 89' lang='lat' dir='ltr'>niorum</span> <span class='ocrx_word' id='word_1_174' title='bbox 305 1850 493 1906; x_wconf 79' lang='lat' dir='ltr'>infecunditas.</span> 
     </span>
    </p>

    <p class='ocr_par' dir='ltr' id='par_1_4' title="bbox 186 1923 1235 2478">
     <span class='ocr_line' id='line_1_20' title="bbox 222 1923 1234 2003; baseline 0.001 -26"><span class='ocrx_word' id='word_1_175' title='bbox 222 1923 261 1976; x_wconf 84' lang='lat' dir='ltr'>Eo</span> <span class='ocrx_word' id='word_1_176' title='bbox 274 1928 380 1996; x_wconf 85' lang='lat' dir='ltr'>quidem</span> <span class='ocrx_word' id='word_1_177' title='bbox 394 1933 525 1996; x_wconf 72' lang='lat' dir='ltr'>ommino,</span> <span class='ocrx_word' id='word_1_178' title='bbox 546 1931 643 2002; x_wconf 88' lang='lat' dir='ltr'>quibus</span> <span class='ocrx_word' id='word_1_179' title='bbox 660 1949 690 1984; x_wconf 88' lang='lat' dir='ltr'>ex</span> <span class='ocrx_word' id='word_1_180' title='bbox 709 1933 798 2002; x_wconf 88' lang='lat' dir='ltr'>prisca</span> <span class='ocrx_word' id='word_1_181' title='bbox 810 1949 836 1981; x_wconf 87' lang='lat' dir='ltr'>re</span> <span class='ocrx_word' id='word_1_182' title='bbox 848 1931 961 2002; x_wconf 76' lang='lat' dir='ltr'>equestri</span> <span class='ocrx_word' id='word_1_183' title='bbox 971 1931 1082 2003; x_wconf 86' lang='lat' dir='ltr'>petitum</span> <span class='ocrx_word' id='word_1_184' title='bbox 1099 1940 1139 1982; x_wconf 87' lang='lat' dir='ltr'>est</span> <span class='ocrx_word' id='word_1_185' title='bbox 1156 1942 1234 1998; x_wconf 76' lang='lat' dir='ltr'>argu·</span> 
     </span>
     <span class='ocr_line' id='line_1_21' title="bbox 186 2007 1233 2080; baseline 0.005 -27"><span class='ocrx_word' id='word_1_186' title='bbox 186 2017 319 2068; x_wconf 84' lang='lat' dir='ltr'>mentum,</span> <span class='ocrx_word' id='word_1_187' title='bbox 333 2009 423 2077; x_wconf 83' lang='lat' dir='ltr'>qualia</span> <span class='ocrx_word' id='word_1_188' title='bbox 432 2009 559 2062; x_wconf 87' lang='lat' dir='ltr'>ltalorum</span> <span class='ocrx_word' id='word_1_189' title='bbox 567 2012 687 2080; x_wconf 77' lang='lat' dir='ltr'>inprimis</span> <span class='ocrx_word' id='word_1_190' title='bbox 697 2023 792 2061; x_wconf 87' lang='lat' dir='ltr'>suntet</span> <span class='ocrx_word' id='word_1_191' title='bbox 800 2012 1000 2074; x_wconf 86' lang='lat' dir='ltr'>Britannorum,</span> <span class='ocrx_word' id='word_1_192' title='bbox 1014 2025 1167 2061; x_wconf 89' lang='lat' dir='ltr'>communes</span> <span class='ocrx_word' id='word_1_193' title='bbox 1177 2007 1233 2058; x_wconf 84' lang='lat' dir='ltr'>lere</span> 
     </span>
     <span class='ocr_line' id='line_1_22' title="bbox 186 2081 1234 2159; baseline 0.004 -28"><span class='ocrx_word' id='word_1_194' title='bbox 186 2081 257 2133; x_wconf 88' lang='lat' dir='ltr'>inter</span> <span class='ocrx_word' id='word_1_195' title='bbox 268 2100 295 2134; x_wconf 90' lang='lat' dir='ltr'>se</span> <span class='ocrx_word' id='word_1_196' title='bbox 309 2086 458 2140; x_wconf 85' lang='lat' dir='ltr'>futurarum</span> <span class='ocrx_word' id='word_1_197' title='bbox 476 2107 564 2140; x_wconf 86' lang='lat' dir='ltr'>rerum</span> <span class='ocrx_word' id='word_1_198' title='bbox 580 2088 797 2159; x_wconf 87' lang='lat' dir='ltr'>exponendarum</span> <span class='ocrx_word' id='word_1_199' title='bbox 816 2088 916 2140; x_wconf 91' lang='lat' dir='ltr'>babent</span> <span class='ocrx_word' id='word_1_200' title='bbox 935 2091 1067 2152; x_wconf 88' lang='lat' dir='ltr'>rationcs;</span> <span class='ocrx_word' id='word_1_201' title='bbox 1080 2105 1155 2149; x_wconf 80' lang='lat' dir='ltr'>nam,</span> <span class='ocrx_word' id='word_1_202' title='bbox 1169 2083 1234 2135; x_wconf 87' lang='lat' dir='ltr'>dum</span> 
     </span>
     <span class='ocr_line' id='line_1_23' title="bbox 188 2165 1233 2238; baseline 0.003 -30"><span class='ocrx_word' id='word_1_203' title='bbox 188 2175 327 2232; x_wconf 73' lang='lat' dir='ltr'>moporum</span> <span class='ocrx_word' id='word_1_204' title='bbox 339 2178 365 2216; x_wconf 90' lang='lat' dir='ltr'>et</span> <span class='ocrx_word' id='word_1_205' title='bbox 376 2165 525 2218; x_wconf 49' lang='lat' dir='ltr'>&amp;monum</span> <span class='ocrx_word' id='word_1_206' title='bbox 538 2181 627 2238; x_wconf 88' lang='lat' dir='ltr'>partes</span> <span class='ocrx_word' id='word_1_207' title='bbox 640 2167 667 2218; x_wconf 89' lang='lat' dir='ltr'>in</span> <span class='ocrx_word' id='word_1_208' title='bbox 679 2169 711 2218; x_wconf 90' lang='lat' dir='ltr'>iis</span> <span class='ocrx_word' id='word_1_209' title='bbox 724 2180 778 2219; x_wconf 86' lang='lat' dir='ltr'>tam</span> <span class='ocrx_word' id='word_1_210' title='bbox 791 2168 930 2237; x_wconf 78' lang='lat' dir='ltr'>praecipuae</span> <span class='ocrx_word' id='word_1_211' title='bbox 942 2178 1019 2232; x_wconf 87' lang='lat' dir='ltr'>sunt,</span> <span class='ocrx_word' id='word_1_212' title='bbox 1030 2165 1109 2217; x_wconf 84' lang='lat' dir='ltr'>facile</span> <span class='ocrx_word' id='word_1_213' title='bbox 1125 2181 1174 2234; x_wconf 88' lang='lat' dir='ltr'>per</span> <span class='ocrx_word' id='word_1_214' title='bbox 1185 2179 1233 2212; x_wconf 88' lang='lat' dir='ltr'>eo·</span> 
     </span>
     <span class='ocr_line' id='line_1_24' title="bbox 188 2240 1235 2318; baseline -0.002 -26"><span class='ocrx_word' id='word_1_215' title='bbox 188 2256 248 2290; x_wconf 85' lang='lat' dir='ltr'>rum</span> <span class='ocrx_word' id='word_1_216' title='bbox 261 2245 407 2298; x_wconf 88' lang='lat' dir='ltr'>ministeria</span> <span class='ocrx_word' id='word_1_217' title='bbox 424 2249 504 2299; x_wconf 90' lang='lat' dir='ltr'>etiarn</span> <span class='ocrx_word' id='word_1_218' title='bbox 521 2245 577 2298; x_wconf 76' lang='lat' dir='ltr'>bec</span> <span class='ocrx_word' id='word_1_219' title='bbox 596 2248 721 2298; x_wconf 79' lang='lat' dir='ltr'>carminis</span> <span class='ocrx_word' id='word_1_220' title='bbox 735 2263 798 2318; x_wconf 88' lang='lat' dir='ltr'>pars</span> <span class='ocrx_word' id='word_1_221' title='bbox 810 2245 956 2318; x_wconf 84' lang='lat' dir='ltr'>expeditur.</span> <span class='ocrx_word' id='word_1_222' title='bbox 974 2243 1074 2296; x_wconf 84' lang='lat' dir='ltr'>Eadem</span> <span class='ocrx_word' id='word_1_223' title='bbox 1086 2240 1235 2314; x_wconf 75' lang='lat' dir='ltr'>argumenti</span> 
     </span>
     <span class='ocr_line' id='line_1_25' title="bbox 188 2318 1234 2398; baseline 0.003 -28"><span class='ocrx_word' id='word_1_224' title='bbox 188 2318 293 2374; x_wconf 87' lang='lat' dir='ltr'>indoles</span> <span class='ocrx_word' id='word_1_225' title='bbox 309 2344 432 2398; x_wconf 71' lang='lat' dir='ltr'>magwn</span> <span class='ocrx_word' id='word_1_226' title='bbox 449 2327 668 2380; x_wconf 87' lang='lat' dir='ltr'>comminiscendi</span> <span class='ocrx_word' id='word_1_227' title='bbox 687 2327 822 2380; x_wconf 86' lang='lat' dir='ltr'>licentiam</span> <span class='ocrx_word' id='word_1_228' title='bbox 841 2328 936 2392; x_wconf 83' lang='lat' dir='ltr'>affert,</span> <span class='ocrx_word' id='word_1_229' title='bbox 956 2340 986 2379; x_wconf 89' lang='lat' dir='ltr'>ut</span> <span class='ocrx_word' id='word_1_230' title='bbox 1004 2324 1072 2378; x_wconf 87' lang='lat' dir='ltr'>adeo</span> <span class='ocrx_word' id='word_1_231' title='bbox 1091 2321 1234 2376; x_wconf 86' lang='lat' dir='ltr'>insolentia</span> 
     </span>
     <span class='ocr_line' id='line_1_26' title="bbox 188 2399 1233 2478; baseline 0.004 -28"><span class='ocrx_word' id='word_1_232' title='bbox 188 2399 306 2455; x_wconf 79' lang='lat' dir='ltr'>etinmet</span> <span class='ocrx_word' id='word_1_233' title='bbox 320 2405 436 2459; x_wconf 88' lang='lat' dir='ltr'>absurda</span> <span class='ocrx_word' id='word_1_234' title='bbox 446 2425 534 2460; x_wconf 90' lang='lat' dir='ltr'>rerum</span> <span class='ocrx_word' id='word_1_235' title='bbox 549 2407 678 2460; x_wconf 82' lang='lat' dir='ltr'>miracula</span> <span class='ocrx_word' id='word_1_236' title='bbox 690 2419 795 2470; x_wconf 86' lang='lat' dir='ltr'>tamen,</span> <span class='ocrx_word' id='word_1_237' title='bbox 809 2405 944 2478; x_wconf 85' lang='lat' dir='ltr'>quomodo</span> <span class='ocrx_word' id='word_1_238' title='bbox 957 2404 1108 2477; x_wconf 86' lang='lat' dir='ltr'>improbes,</span> <span class='ocrx_word' id='word_1_239' title='bbox 1120 2421 1174 2455; x_wconf 92' lang='lat' dir='ltr'>non</span> <span class='ocrx_word' id='word_1_240' title='bbox 1186 2401 1233 2454; x_wconf 87' lang='lat' dir='ltr'>ha·</span> 
     </span>
    </p>
   </div>
   <div class='ocr_carea' id='block_1_3' title="bbox 186 2475 1234 2958">
    <p class='ocr_par' dir='ltr' id='par_1_5' title="bbox 186 2475 1234 2958">
     <span class='ocr_line' id='line_1_27' title="bbox 186 2475 1232 2558; baseline 0.003 -30"><span class='ocrx_word' id='word_1_241' title='bbox 186 2475 267 2542; x_wconf 83' lang='lat' dir='ltr'>beas;</span> <span class='ocrx_word' id='word_1_242' title='bbox 280 2501 342 2535; x_wconf 82' lang='lat' dir='ltr'>nam</span> <span class='ocrx_word' id='word_1_243' title='bbox 354 2487 382 2536; x_wconf 89' lang='lat' dir='ltr'>in</span> <span class='ocrx_word' id='word_1_244' title='bbox 391 2487 442 2538; x_wconf 88' lang='lat' dir='ltr'>isto</span> <span class='ocrx_word' id='word_1_245' title='bbox 455 2505 542 2540; x_wconf 87' lang='lat' dir='ltr'>rerum</span> <span class='ocrx_word' id='word_1_246' title='bbox 558 2505 655 2558; x_wconf 78' lang='lat' dir='ltr'>genere</span> <span class='ocrx_word' id='word_1_247' title='bbox 667 2505 699 2539; x_wconf 89' lang='lat' dir='ltr'>ea</span> <span class='ocrx_word' id='word_1_248' title='bbox 713 2486 903 2557; x_wconf 84' lang='lat' dir='ltr'>probabilitate</span> <span class='ocrx_word' id='word_1_249' title='bbox 915 2505 963 2540; x_wconf 87' lang='lat' dir='ltr'>sua</span> <span class='ocrx_word' id='word_1_250' title='bbox 977 2505 1030 2538; x_wconf 90' lang='lat' dir='ltr'>non</span> <span class='ocrx_word' id='word_1_251' title='bbox 1044 2483 1232 2536; x_wconf 85' lang='lat' dir='ltr'>destituuntur·</span> 
     </span>
     <span class='ocr_line' id='line_1_28' title="bbox 186 2555 1234 2638; baseline 0.004 -31"><span class='ocrx_word' id='word_1_252' title='bbox 186 2555 387 2630; x_wconf 73' lang='lat' dir='ltr'>simplicissima</span> <span class='ocrx_word' id='word_1_253' title='bbox 398 2579 438 2620; x_wconf 87' lang='lat' dir='ltr'>est</span> <span class='ocrx_word' id='word_1_254' title='bbox 449 2566 574 2637; x_wconf 82' lang='lat' dir='ltr'>Spenceri</span> <span class='ocrx_word' id='word_1_255' title='bbox 584 2566 595 2637; x_wconf 94' lang='lat'>(</span> <span class='ocrx_word' id='word_1_256' title='bbox 605 2567 686 2638; x_wconf 78' lang='lat' dir='ltr'>Fairy</span> <span class='ocrx_word' id='word_1_257' title='bbox 698 2568 788 2637; x_wconf 84' lang='lat' dir='ltr'>Queen</span> <span class='ocrx_word' id='word_1_258' title='bbox 804 2566 880 2619; x_wconf 86' lang='lat' dir='ltr'>Cant.</span> <span class='ocrx_word' id='word_1_259' title='bbox 894 2567 942 2631; x_wconf 88' lang='lat' dir='ltr'>lll,</span> <span class='ocrx_word' id='word_1_260' title='bbox 954 2567 1003 2630; x_wconf 85' lang='lat' dir='ltr'>vt,</span> <span class='ocrx_word' id='word_1_261' title='bbox 1015 2565 1087 2616; x_wconf 90' lang='lat' dir='ltr'>XXV</span> <span class='ocrx_word' id='word_1_262' title='bbox 1099 2561 1179 2633; x_wconf 88' lang='lat' dir='ltr'>sqq.)</span> <span class='ocrx_word' id='word_1_263' title='bbox 1192 2579 1234 2612; x_wconf 81' lang='lat' dir='ltr'>ra·</span> 
     </span>
     <span class='ocr_line' id='line_1_29' title="bbox 187 2637 1232 2717; baseline -0.007 -18"><span class='ocrx_word' id='word_1_264' title='bbox 187 2637 239 2699; x_wconf 68' lang='lat'>¹5⁰3</span> <span class='ocrx_word' id='word_1_265' title='bbox 261 2645 402 2712; x_wconf 78' lang='lat' dir='ltr'>exponitur</span> <span class='ocrx_word' id='word_1_266' title='bbox 421 2646 574 2700; x_wconf 88' lang='lat' dir='ltr'>Britomarti</span> <span class='ocrx_word' id='word_1_267' title='bbox 596 2645 692 2717; x_wconf 80' lang='lat' dir='ltr'>puellae</span> <span class='ocrx_word' id='word_1_268' title='bbox 709 2665 725 2697; x_wconf 92' lang='lat' dir='ltr'>a</span> <span class='ocrx_word' id='word_1_269' title='bbox 743 2645 857 2698; x_wconf 89' lang='lat' dir='ltr'>Merlino</span> <span class='ocrx_word' id='word_1_270' title='bbox 870 2663 947 2716; x_wconf 79' lang='lat' dir='ltr'>mago</span> <span class='ocrx_word' id='word_1_271' title='bbox 963 2663 994 2698; x_wconf 86' lang='lat' dir='ltr'>ao</span> <span class='ocrx_word' id='word_1_272' title='bbox 1006 2656 1066 2696; x_wconf 86' lang='lat' dir='ltr'>vate</span> <span class='ocrx_word' id='word_1_273' title='bbox 1084 2659 1139 2692; x_wconf 92' lang='lat' dir='ltr'>non</span> <span class='ocrx_word' id='word_1_274' title='bbox 1151 2638 1232 2691; x_wconf 87' lang='lat' dir='ltr'>modo</span> 
     </span>
     <span class='ocr_line' id='line_1_30' title="bbox 186 2720 1233 2798; baseline 0.004 -30"><span class='ocrx_word' id='word_1_275' title='bbox 186 2722 284 2772; x_wconf 86' lang='lat' dir='ltr'>amoris</span> <span class='ocrx_word' id='word_1_276' title='bbox 296 2739 447 2791; x_wconf 86' lang='lat' dir='ltr'>successus,</span> <span class='ocrx_word' id='word_1_277' title='bbox 460 2745 552 2780; x_wconf 84' lang='lat' dir='ltr'>rerum</span> <span class='ocrx_word' id='word_1_278' title='bbox 561 2728 642 2780; x_wconf 82' lang='lat' dir='ltr'>etiam</span> <span class='ocrx_word' id='word_1_279' title='bbox 652 2724 747 2778; x_wconf 83' lang='lat' dir='ltr'>domus</span> <span class='ocrx_word' id='word_1_280' title='bbox 757 2738 783 2778; x_wconf 92' lang='lat' dir='ltr'>et</span> <span class='ocrx_word' id='word_1_281' title='bbox 790 2727 953 2798; x_wconf 81' lang='lat' dir='ltr'>posteritatis</span> <span class='ocrx_word' id='word_1_282' title='bbox 964 2727 1084 2784; x_wconf 85' lang='lat' dir='ltr'>fortuna;</span> <span class='ocrx_word' id='word_1_283' title='bbox 1098 2734 1124 2774; x_wconf 91' lang='lat' dir='ltr'>et</span> <span class='ocrx_word' id='word_1_284' title='bbox 1134 2720 1233 2773; x_wconf 84' lang='lat' dir='ltr'>Ariosti</span> 
     </span>
     <span class='ocr_line' id='line_1_31' title="bbox 186 2797 1232 2878; baseline 0.001 -26"><span class='ocrx_word' id='word_1_285' title='bbox 186 2797 324 2869; x_wconf 66' lang='lat' dir='ltr'>(ortanus</span> <span class='ocrx_word' id='word_1_286' title='bbox 330 2805 436 2875; x_wconf 80' lang='lat' dir='ltr'>furioso</span> <span class='ocrx_word' id='word_1_287' title='bbox 447 2807 533 2859; x_wconf 84' lang='lat' dir='ltr'>Canto</span> <span class='ocrx_word' id='word_1_288' title='bbox 545 2809 581 2859; x_wconf 91' lang='lat' dir='ltr'>lll</span> <span class='ocrx_word' id='word_1_289' title='bbox 592 2807 617 2878; x_wconf 87' lang='lat'>);</span> <span class='ocrx_word' id='word_1_290' title='bbox 634 2825 695 2859; x_wconf 87' lang='lat' dir='ltr'>nam</span> <span class='ocrx_word' id='word_1_291' title='bbox 715 2824 779 2860; x_wconf 88' lang='lat' dir='ltr'>casu</span> <span class='ocrx_word' id='word_1_292' title='bbox 796 2807 831 2858; x_wconf 85' lang='lat' dir='ltr'>ad</span> <span class='ocrx_word' id='word_1_293' title='bbox 843 2807 949 2860; x_wconf 86' lang='lat' dir='ltr'>Merlini</span> <span class='ocrx_word' id='word_1_294' title='bbox 965 2805 1117 2876; x_wconf 84' lang='lat' dir='ltr'>sepulcrum</span> <span class='ocrx_word' id='word_1_295' title='bbox 1136 2814 1163 2854; x_wconf 91' lang='lat' dir='ltr'>et</span> <span class='ocrx_word' id='word_1_296' title='bbox 1176 2819 1232 2853; x_wconf 85' lang='lat' dir='ltr'>sar·</span> 
     </span>
     <span class='ocr_line' id='line_1_32' title="bbox 187 2880 1231 2958; baseline 0.002 -26"><span class='ocrx_word' id='word_1_297' title='bbox 187 2880 337 2954; x_wconf 72' lang='lat' dir='ltr'>copbaqum</span> <span class='ocrx_word' id='word_1_298' title='bbox 356 2884 445 2939; x_wconf 87' lang='lat' dir='ltr'>delata</span> <span class='ocrx_word' id='word_1_299' title='bbox 462 2887 646 2940; x_wconf 78' lang='lat' dir='ltr'>bradamantis</span> <span class='ocrx_word' id='word_1_300' title='bbox 658 2887 755 2958; x_wconf 85' lang='lat' dir='ltr'>partim</span> <span class='ocrx_word' id='word_1_301' title='bbox 769 2905 801 2938; x_wconf 88' lang='lat' dir='ltr'>ex</span> <span class='ocrx_word' id='word_1_302' title='bbox 812 2887 918 2939; x_wconf 84' lang='lat' dir='ltr'>Morlini</span> <span class='ocrx_word' id='word_1_303' title='bbox 934 2905 993 2950; x_wconf 86' lang='lat' dir='ltr'>ore,</span> <span class='ocrx_word' id='word_1_304' title='bbox 1005 2887 1102 2956; x_wconf 88' lang='lat' dir='ltr'>partim</span> <span class='ocrx_word' id='word_1_305' title='bbox 1118 2881 1231 2934; x_wconf 79' lang='lat' dir='ltr'>Melissre</span> 
     </span>
    </p>
   </div>
   <div class='ocr_carea' id='block_1_4' title="bbox 186 2963 1233 4154">
    <p class='ocr_par' dir='ltr' id='par_1_6' title="bbox 186 2963 1233 4154">
     <span class='ocr_line' id='line_1_33' title="bbox 187 2963 1233 3036; baseline 0.004 -28"><span class='ocrx_word' id='word_1_306' title='bbox 187 2975 270 3030; x_wconf 70' lang='lat' dir='ltr'>maga</span> <span class='ocrx_word' id='word_1_307' title='bbox 288 2975 343 3014; x_wconf 86' lang='lat' dir='ltr'>arte</span> <span class='ocrx_word' id='word_1_308' title='bbox 353 2967 469 3018; x_wconf 82' lang='lat' dir='ltr'>evocatis</span> <span class='ocrx_word' id='word_1_309' title='bbox 482 2967 596 3030; x_wconf 80' lang='lat' dir='ltr'>umbris,</span> <span class='ocrx_word' id='word_1_310' title='bbox 609 2968 697 3036; x_wconf 85' lang='lat' dir='ltr'>stirpis</span> <span class='ocrx_word' id='word_1_311' title='bbox 714 2967 839 3018; x_wconf 69' lang='lat' dir='ltr'>Atestinae</span> <span class='ocrx_word' id='word_1_312' title='bbox 860 2983 891 3016; x_wconf 86' lang='lat' dir='ltr'>ox</span> <span class='ocrx_word' id='word_1_313' title='bbox 909 2982 938 3017; x_wconf 86' lang='lat' dir='ltr'>se</span> <span class='ocrx_word' id='word_1_314' title='bbox 958 2977 984 3016; x_wconf 90' lang='lat' dir='ltr'>et</span> <span class='ocrx_word' id='word_1_315' title='bbox 999 2964 1113 3034; x_wconf 75' lang='lat' dir='ltr'>lingerio</span> <span class='ocrx_word' id='word_1_316' title='bbox 1126 2963 1233 3013; x_wconf 69' lang='lat' dir='ltr'>oritura</span> 
     </span>
     <span class='ocr_line' id='line_1_34' title="bbox 187 3036 1231 3112; baseline 0.005 -26"><span class='ocrx_word' id='word_1_317' title='bbox 187 3039 282 3088; x_wconf 82' lang='lat' dir='ltr'>seriem</span> <span class='ocrx_word' id='word_1_318' title='bbox 290 3043 435 3110; x_wconf 69' lang='lat' dir='ltr'>cognoscit.</span> <span class='ocrx_word' id='word_1_319' title='bbox 443 3041 524 3111; x_wconf 78' lang='lat' dir='ltr'>Apud</span> <span class='ocrx_word' id='word_1_320' title='bbox 534 3041 656 3112; x_wconf 82' lang='lat' dir='ltr'>Tarsum(</span> <span class='ocrx_word' id='word_1_321' title='bbox 668 3041 796 3096; x_wconf 83' lang='lat' dir='ltr'>Gierusol.</span> <span class='ocrx_word' id='word_1_322' title='bbox 806 3041 878 3095; x_wconf 83' lang='lat' dir='ltr'>liber.</span> <span class='ocrx_word' id='word_1_323' title='bbox 887 3043 964 3095; x_wconf 84' lang='lat' dir='ltr'>Cant.</span> <span class='ocrx_word' id='word_1_324' title='bbox 972 3043 1057 3105; x_wconf 83' lang='lat' dir='ltr'>xvu,</span> <span class='ocrx_word' id='word_1_325' title='bbox 1065 3040 1145 3092; x_wconf 87' lang='lat' dir='ltr'>LXVI</span> <span class='ocrx_word' id='word_1_326' title='bbox 1155 3036 1231 3110; x_wconf 87' lang='lat' dir='ltr'>sqq.)</span> 
     </span>
     <span class='ocr_line' id='line_1_35' title="bbox 187 3113 1230 3193; baseline 0.004 -27"><span class='ocrx_word' id='word_1_327' title='bbox 187 3113 301 3168; x_wconf 80' lang='lat' dir='ltr'>Riualdo</span> <span class='ocrx_word' id='word_1_328' title='bbox 312 3120 452 3190; x_wconf 71' lang='lat' dir='ltr'>progenies</span> <span class='ocrx_word' id='word_1_329' title='bbox 463 3121 625 3192; x_wconf 76' lang='lat' dir='ltr'>fortunaque</span> <span class='ocrx_word' id='word_1_330' title='bbox 640 3120 735 3172; x_wconf 86' lang='lat' dir='ltr'>domus</span> <span class='ocrx_word' id='word_1_331' title='bbox 744 3123 869 3174; x_wconf 81' lang='lat' dir='ltr'>Atestinae</span> <span class='ocrx_word' id='word_1_332' title='bbox 880 3121 967 3193; x_wconf 84' lang='lat' dir='ltr'>clipeo</span> <span class='ocrx_word' id='word_1_333' title='bbox 981 3120 1114 3191; x_wconf 82' lang='lat' dir='ltr'>insculpta</span> <span class='ocrx_word' id='word_1_334' title='bbox 1123 3119 1157 3172; x_wconf 83' lang='lat' dir='ltr'>ab</span> <span class='ocrx_word' id='word_1_335' title='bbox 1168 3118 1230 3170; x_wconf 86' lang='lat' dir='ltr'>Ere·</span> 
     </span>
     <span class='ocr_line' id='line_1_36' title="bbox 187 3196 1231 3272; baseline 0.003 -25"><span class='ocrx_word' id='word_1_336' title='bbox 187 3196 254 3250; x_wconf 84' lang='lat' dir='ltr'>mita</span> <span class='ocrx_word' id='word_1_337' title='bbox 274 3197 425 3262; x_wconf 84' lang='lat' dir='ltr'>exhibetnr;</span> <span class='ocrx_word' id='word_1_338' title='bbox 448 3217 505 3271; x_wconf 80' lang='lat' dir='ltr'>quse</span> <span class='ocrx_word' id='word_1_339' title='bbox 525 3198 685 3253; x_wconf 84' lang='lat' dir='ltr'>adumbrata</span> <span class='ocrx_word' id='word_1_340' title='bbox 702 3203 771 3254; x_wconf 81' lang='lat' dir='ltr'>forte</span> <span class='ocrx_word' id='word_1_341' title='bbox 791 3215 852 3254; x_wconf 86' lang='lat' dir='ltr'>sont</span> <span class='ocrx_word' id='word_1_342' title='bbox 864 3221 896 3256; x_wconf 90' lang='lat' dir='ltr'>ex</span> <span class='ocrx_word' id='word_1_343' title='bbox 907 3203 994 3256; x_wconf 75' lang='lat' dir='ltr'>AEneae</span> <span class='ocrx_word' id='word_1_344' title='bbox 1006 3202 1093 3272; x_wconf 89' lang='lat' dir='ltr'>clipeo</span> <span class='ocrx_word' id='word_1_345' title='bbox 1109 3201 1156 3254; x_wconf 94' lang='lat' dir='ltr'>lib.</span> <span class='ocrx_word' id='word_1_346' title='bbox 1170 3201 1231 3253; x_wconf 86' lang='lat' dir='ltr'>Vlll</span> 
     </span>
     <span class='ocr_line' id='line_1_37' title="bbox 186 3277 1229 3352; baseline -0.004 -19"><span class='ocrx_word' id='word_1_347' title='bbox 186 3277 246 3333; x_wconf 77' lang='lat' dir='ltr'>AEn.</span> <span class='ocrx_word' id='word_1_348' title='bbox 264 3280 321 3332; x_wconf 82' lang='lat' dir='ltr'>Nec</span> <span class='ocrx_word' id='word_1_349' title='bbox 339 3278 451 3331; x_wconf 87' lang='lat' dir='ltr'>multum</span> <span class='ocrx_word' id='word_1_350' title='bbox 470 3278 574 3332; x_wconf 86' lang='lat' dir='ltr'>obludit</span> <span class='ocrx_word' id='word_1_351' title='bbox 589 3279 689 3332; x_wconf 82' lang='lat' dir='ltr'>Ariosti</span> <span class='ocrx_word' id='word_1_352' title='bbox 707 3281 760 3333; x_wconf 88' lang='lat' dir='ltr'>alio</span> <span class='ocrx_word' id='word_1_353' title='bbox 772 3283 799 3332; x_wconf 93' lang='lat' dir='ltr'>in</span> <span class='ocrx_word' id='word_1_354' title='bbox 812 3281 872 3335; x_wconf 90' lang='lat' dir='ltr'>loco</span> <span class='ocrx_word' id='word_1_355' title='bbox 890 3279 1140 3352; x_wconf 80' lang='lat' dir='ltr'>(orlandofurioso</span> <span class='ocrx_word' id='word_1_356' title='bbox 1152 3281 1229 3332; x_wconf 89' lang='lat' dir='ltr'>Cant.</span> 
     </span>
     <span class='ocr_line' id='line_1_38' title="bbox 187 3357 1231 3433; baseline 0.002 -23"><span class='ocrx_word' id='word_1_357' title='bbox 187 3359 298 3410; x_wconf 87' lang='lat' dir='ltr'>XXXlll</span> <span class='ocrx_word' id='word_1_358' title='bbox 309 3361 320 3430; x_wconf 97' lang='lat'>)</span> <span class='ocrx_word' id='word_1_359' title='bbox 330 3361 414 3423; x_wconf 83' lang='lat' dir='ltr'>ratio,</span> <span class='ocrx_word' id='word_1_360' title='bbox 428 3377 490 3410; x_wconf 88' lang='lat' dir='ltr'>narn</span> <span class='ocrx_word' id='word_1_361' title='bbox 501 3357 573 3410; x_wconf 86' lang='lat' dir='ltr'>bella</span> <span class='ocrx_word' id='word_1_362' title='bbox 589 3377 606 3412; x_wconf 90' lang='lat' dir='ltr'>a</span> <span class='ocrx_word' id='word_1_363' title='bbox 618 3358 702 3411; x_wconf 88' lang='lat' dir='ltr'>Gallis</span> <span class='ocrx_word' id='word_1_364' title='bbox 714 3361 741 3412; x_wconf 92' lang='lat' dir='ltr'>in</span> <span class='ocrx_word' id='word_1_365' title='bbox 754 3360 831 3414; x_wconf 85' lang='lat' dir='ltr'>ltalia</span> <span class='ocrx_word' id='word_1_366' title='bbox 841 3361 958 3433; x_wconf 71' lang='lat' dir='ltr'>gerenda</span> <span class='ocrx_word' id='word_1_367' title='bbox 969 3361 997 3412; x_wconf 91' lang='lat' dir='ltr'>in</span> <span class='ocrx_word' id='word_1_368' title='bbox 1009 3362 1109 3432; x_wconf 86' lang='lat' dir='ltr'>pariete</span> <span class='ocrx_word' id='word_1_369' title='bbox 1123 3359 1231 3412; x_wconf 89' lang='lat' dir='ltr'>Merlini</span> 
     </span>
     <span class='ocr_line' id='line_1_39' title="bbox 190 3437 1230 3512; baseline 0 -20"><span class='ocrx_word' id='word_1_370' title='bbox 190 3451 246 3492; x_wconf 83' lang='lat' dir='ltr'>arte</span> <span class='ocrx_word' id='word_1_371' title='bbox 262 3439 365 3510; x_wconf 69' lang='lat' dir='ltr'>magica</span> <span class='ocrx_word' id='word_1_372' title='bbox 383 3438 490 3510; x_wconf 83' lang='lat' dir='ltr'>depicto</span> <span class='ocrx_word' id='word_1_373' title='bbox 507 3437 691 3491; x_wconf 78' lang='lat' dir='ltr'>Bradnoantis</span> <span class='ocrx_word' id='word_1_374' title='bbox 709 3437 822 3492; x_wconf 85' lang='lat' dir='ltr'>heroine</span> <span class='ocrx_word' id='word_1_375' title='bbox 840 3439 968 3512; x_wconf 86' lang='lat' dir='ltr'>adspicit;</span> <span class='ocrx_word' id='word_1_376' title='bbox 989 3438 1107 3509; x_wconf 77' lang='lat' dir='ltr'>ejusdem</span> <span class='ocrx_word' id='word_1_377' title='bbox 1124 3437 1230 3492; x_wconf 83' lang='lat' dir='ltr'>Merlini</span> 
     </span>
     <span class='ocr_line' id='line_1_40' title="bbox 188 3517 1230 3590; baseline 0.001 -18"><span class='ocrx_word' id='word_1_378' title='bbox 188 3532 245 3572; x_wconf 89' lang='lat' dir='ltr'>arte</span> <span class='ocrx_word' id='word_1_379' title='bbox 261 3521 288 3571; x_wconf 90' lang='lat' dir='ltr'>in</span> <span class='ocrx_word' id='word_1_380' title='bbox 306 3519 396 3570; x_wconf 83' lang='lat' dir='ltr'>Fontis</span> <span class='ocrx_word' id='word_1_381' title='bbox 412 3520 554 3572; x_wconf 83' lang='lat' dir='ltr'>marmorei</span> <span class='ocrx_word' id='word_1_382' title='bbox 566 3519 704 3590; x_wconf 86' lang='lat' dir='ltr'>sculptura</span> <span class='ocrx_word' id='word_1_383' title='bbox 719 3517 826 3589; x_wconf 86' lang='lat' dir='ltr'>(Canto</span> <span class='ocrx_word' id='word_1_384' title='bbox 837 3519 936 3586; x_wconf 87' lang='lat' dir='ltr'>XXVl,</span> <span class='ocrx_word' id='word_1_385' title='bbox 947 3517 1041 3588; x_wconf 92' lang='lat' dir='ltr'>XXX)</span> <span class='ocrx_word' id='word_1_386' title='bbox 1056 3519 1191 3572; x_wconf 73' lang='lat' dir='ltr'>francisci</span> <span class='ocrx_word' id='word_1_387' title='bbox 1202 3523 1214 3573; x_wconf 97' lang='lat' dir='ltr'>l</span> <span class='ocrx_word' id='word_1_388' title='bbox 1221 3557 1230 3588; x_wconf 89' lang='lat'>‚</span> 
     </span>
     <span class='ocr_line' id='line_1_41' title="bbox 188 3597 1228 3672; baseline 0.002 -22"><span class='ocrx_word' id='word_1_389' title='bbox 188 3598 333 3651; x_wconf 88' lang='lat' dir='ltr'>Galliarum</span> <span class='ocrx_word' id='word_1_390' title='bbox 352 3599 444 3672; x_wconf 74' lang='lat' dir='ltr'>Regis,</span> <span class='ocrx_word' id='word_1_391' title='bbox 462 3601 490 3652; x_wconf 93' lang='lat' dir='ltr'>in</span> <span class='ocrx_word' id='word_1_392' title='bbox 508 3597 611 3651; x_wconf 84' lang='lat' dir='ltr'>ltaliam</span> <span class='ocrx_word' id='word_1_393' title='bbox 628 3598 762 3670; x_wconf 84' lang='lat' dir='ltr'>expeditio</span> <span class='ocrx_word' id='word_1_394' title='bbox 782 3597 870 3653; x_wconf 84' lang='lat' dir='ltr'>efficta</span> <span class='ocrx_word' id='word_1_395' title='bbox 881 3612 934 3662; x_wconf 91' lang='lat' dir='ltr'>est;</span> <span class='ocrx_word' id='word_1_396' title='bbox 947 3611 973 3652; x_wconf 88' lang='lat' dir='ltr'>et</span> <span class='ocrx_word' id='word_1_397' title='bbox 985 3600 1038 3652; x_wconf 85' lang='lat' dir='ltr'>alio</span> <span class='ocrx_word' id='word_1_398' title='bbox 1055 3597 1115 3652; x_wconf 88' lang='lat' dir='ltr'>loco</span> <span class='ocrx_word' id='word_1_399' title='bbox 1127 3598 1138 3670; x_wconf 89' lang='lat'>(</span> <span class='ocrx_word' id='word_1_400' title='bbox 1150 3599 1200 3653; x_wconf 88' lang='lat' dir='ltr'>sub</span> <span class='ocrx_word' id='word_1_401' title='bbox 1210 3603 1228 3652; x_wconf 85' lang='lat' dir='ltr'>f.</span> 
     </span>
     <span class='ocr_line' id='line_1_42' title="bbox 188 3675 1231 3748; baseline 0.003 -19"><span class='ocrx_word' id='word_1_402' title='bbox 188 3675 265 3730; x_wconf 88' lang='lat' dir='ltr'>Cant.</span> <span class='ocrx_word' id='word_1_403' title='bbox 278 3676 403 3744; x_wconf 84' lang='lat' dir='ltr'>XXXIV,</span> <span class='ocrx_word' id='word_1_404' title='bbox 415 3690 441 3730; x_wconf 84' lang='lat' dir='ltr'>st</span> <span class='ocrx_word' id='word_1_405' title='bbox 451 3677 527 3730; x_wconf 81' lang='lat' dir='ltr'>Cant.</span> <span class='ocrx_word' id='word_1_406' title='bbox 540 3676 671 3748; x_wconf 84' lang='lat' dir='ltr'>XXXV),</span> <span class='ocrx_word' id='word_1_407' title='bbox 683 3678 747 3730; x_wconf 87' lang='lat' dir='ltr'>dum</span> <span class='ocrx_word' id='word_1_408' title='bbox 760 3679 903 3731; x_wconf 82' lang='lat' dir='ltr'>Parcarum</span> <span class='ocrx_word' id='word_1_409' title='bbox 915 3677 1037 3730; x_wconf 85' lang='lat' dir='ltr'>manibus</span> <span class='ocrx_word' id='word_1_410' title='bbox 1051 3688 1165 3733; x_wconf 78' lang='lat' dir='ltr'>tractata</span> <span class='ocrx_word' id='word_1_411' title='bbox 1176 3679 1231 3732; x_wconf 83' lang='lat' dir='ltr'>vel·</span> 
     </span>
     <span class='ocr_line' id='line_1_43' title="bbox 188 3754 1230 3831; baseline 0.004 -24"><span class='ocrx_word' id='word_1_412' title='bbox 188 3755 245 3809; x_wconf 86' lang='lat' dir='ltr'>lera</span> <span class='ocrx_word' id='word_1_413' title='bbox 259 3757 287 3808; x_wconf 89' lang='lat' dir='ltr'>in</span> <span class='ocrx_word' id='word_1_414' title='bbox 298 3754 398 3810; x_wconf 83' lang='lat' dir='ltr'>Lethen</span> <span class='ocrx_word' id='word_1_415' title='bbox 410 3768 586 3829; x_wconf 70' lang='lat' dir='ltr'>sparguntur,</span> <span class='ocrx_word' id='word_1_416' title='bbox 599 3757 632 3810; x_wconf 92' lang='lat' dir='ltr'>de</span> <span class='ocrx_word' id='word_1_417' title='bbox 644 3757 788 3830; x_wconf 76' lang='lat' dir='ltr'>Hippolyto</span> <span class='ocrx_word' id='word_1_418' title='bbox 800 3759 921 3811; x_wconf 78' lang='lat' dir='ltr'>Atestino</span> <span class='ocrx_word' id='word_1_419' title='bbox 933 3756 1070 3830; x_wconf 74' lang='lat' dir='ltr'>prodictio</span> <span class='ocrx_word' id='word_1_420' title='bbox 1080 3760 1143 3810; x_wconf 87' lang='lat' dir='ltr'>satis</span> <span class='ocrx_word' id='word_1_421' title='bbox 1156 3761 1230 3831; x_wconf 71' lang='lat' dir='ltr'>inga-</span> 
     </span>
     <span class='ocr_line' id='line_1_44' title="bbox 188 3835 1229 3910; baseline 0.005 -22"><span class='ocrx_word' id='word_1_422' title='bbox 188 3838 264 3889; x_wconf 86' lang='lat' dir='ltr'>niose</span> <span class='ocrx_word' id='word_1_423' title='bbox 276 3837 452 3909; x_wconf 73' lang='lat' dir='ltr'>subjungitur.</span> <span class='ocrx_word' id='word_1_424' title='bbox 468 3837 595 3892; x_wconf 72' lang='lat' dir='ltr'>Pristinus</span> <span class='ocrx_word' id='word_1_425' title='bbox 604 3835 615 3907; x_wconf 93' lang='lat'>(</span> <span class='ocrx_word' id='word_1_426' title='bbox 624 3836 705 3890; x_wconf 82' lang='lat' dir='ltr'>Italia</span> <span class='ocrx_word' id='word_1_427' title='bbox 718 3836 827 3890; x_wconf 80' lang='lat' dir='ltr'>liberata</span> <span class='ocrx_word' id='word_1_428' title='bbox 839 3837 882 3890; x_wconf 84' lang='lat' dir='ltr'>da’</span> <span class='ocrx_word' id='word_1_429' title='bbox 895 3837 976 3910; x_wconf 83' lang='lat' dir='ltr'>Coti)</span> <span class='ocrx_word' id='word_1_430' title='bbox 987 3839 1067 3892; x_wconf 79' lang='lat' dir='ltr'>etiam</span> <span class='ocrx_word' id='word_1_431' title='bbox 1078 3838 1148 3892; x_wconf 88' lang='lat' dir='ltr'>binis</span> <span class='ocrx_word' id='word_1_432' title='bbox 1162 3839 1229 3892; x_wconf 87' lang='lat' dir='ltr'>locis</span> 
     </span>
     <span class='ocr_line' id='line_1_45' title="bbox 189 3915 1230 3991; baseline 0.003 -24"><span class='ocrx_word' id='word_1_433' title='bbox 189 3915 314 3970; x_wconf 86' lang='lat' dir='ltr'>historias</span> <span class='ocrx_word' id='word_1_434' title='bbox 331 3918 498 3988; x_wconf 83' lang='lat' dir='ltr'>sequentium</span> <span class='ocrx_word' id='word_1_435' title='bbox 518 3931 666 3990; x_wconf 88' lang='lat' dir='ltr'>temporum</span> <span class='ocrx_word' id='word_1_436' title='bbox 681 3920 793 3971; x_wconf 81' lang='lat' dir='ltr'>intexuit</span> <span class='ocrx_word' id='word_1_437' title='bbox 811 3919 937 3982; x_wconf 76' lang='lat' dir='ltr'>carmini3</span> <span class='ocrx_word' id='word_1_438' title='bbox 958 3919 1074 3990; x_wconf 86' lang='lat' dir='ltr'>primurn</span> <span class='ocrx_word' id='word_1_439' title='bbox 1092 3915 1158 3988; x_wconf 92' lang='lat' dir='ltr'>(lib.</span> <span class='ocrx_word' id='word_1_440' title='bbox 1170 3917 1230 3991; x_wconf 81' lang='lat' dir='ltr'>tx)</span> 
     </span>
     <span class='ocr_line' id='line_1_46' title="bbox 190 3993 1228 4070; baseline 0.002 -22"><span class='ocrx_word' id='word_1_441' title='bbox 190 3993 330 4048; x_wconf 80' lang='lat' dir='ltr'>belisarius</span> <span class='ocrx_word' id='word_1_442' title='bbox 341 3997 485 4050; x_wconf 81' lang='lat' dir='ltr'>Eremitam</span> <span class='ocrx_word' id='word_1_443' title='bbox 496 3999 524 4049; x_wconf 92' lang='lat' dir='ltr'>in</span> <span class='ocrx_word' id='word_1_444' title='bbox 536 3998 627 4052; x_wconf 80' lang='lat' dir='ltr'>Monte</span> <span class='ocrx_word' id='word_1_445' title='bbox 639 3998 775 4052; x_wconf 80' lang='lat' dir='ltr'>Catinensi</span> <span class='ocrx_word' id='word_1_446' title='bbox 787 3999 856 4064; x_wconf 81' lang='lat' dir='ltr'>adit,</span> <span class='ocrx_word' id='word_1_447' title='bbox 873 4015 954 4070; x_wconf 86' lang='lat' dir='ltr'>aqna</span> <span class='ocrx_word' id='word_1_448' title='bbox 966 3997 1099 4070; x_wconf 83' lang='lat' dir='ltr'>speluncas</span> <span class='ocrx_word' id='word_1_449' title='bbox 1110 3997 1228 4051; x_wconf 88' lang='lat' dir='ltr'>inclusus</span> 
     </span>
     <span class='ocr_line' id='line_1_47' title="bbox 190 4077 1228 4154; baseline 0.004 -26"><span class='ocrx_word' id='word_1_450' title='bbox 190 4093 261 4129; x_wconf 79' lang='lat' dir='ltr'>noro</span> <span class='ocrx_word' id='word_1_451' title='bbox 272 4077 429 4150; x_wconf 74' lang='lat' dir='ltr'>virigenus</span> <span class='ocrx_word' id='word_1_452' title='bbox 440 4080 469 4134; x_wconf 89' lang='lat' dir='ltr'>in</span> <span class='ocrx_word' id='word_1_453' title='bbox 481 4079 577 4138; x_wconf 80' lang='lat' dir='ltr'>collem</span> <span class='ocrx_word' id='word_1_454' title='bbox 588 4081 648 4154; x_wconf 80' lang='lat' dir='ltr'>rapi</span> <span class='ocrx_word' id='word_1_455' title='bbox 659 4079 710 4136; x_wconf 86' lang='lat' dir='ltr'>tibi</span> <span class='ocrx_word' id='word_1_456' title='bbox 719 4077 839 4150; x_wconf 83' lang='lat' dir='ltr'>ridetur,</span> <span class='ocrx_word' id='word_1_457' title='bbox 851 4081 879 4134; x_wconf 91' lang='lat' dir='ltr'>in</span> <span class='ocrx_word' id='word_1_458' title='bbox 889 4098 942 4153; x_wconf 88' lang='lat' dir='ltr'>quo</span> <span class='ocrx_word' id='word_1_459' title='bbox 954 4081 1078 4152; x_wconf 79' lang='lat' dir='ltr'>utrinque</span> <span class='ocrx_word' id='word_1_460' title='bbox 1090 4077 1228 4152; x_wconf 82' lang='lat' dir='ltr'>speculum</span> 
     </span>
    </p>
   </div>
   <div class='ocr_carea' id='block_1_5' title="bbox 0 0 1518 4682">
    <p class='ocr_par' dir='ltr' id='par_1_7' title="bbox 0 0 1518 4682">
     <span class='ocr_line' id='line_1_48' title="bbox 0 0 1518 4682; baseline 0 1"><span class='ocrx_word' id='word_1_461' title='bbox 0 0 1518 4682; x_wconf 95' lang='lat' dir='ltr'> </span> 
     </span>
    </p>
   </div>
  </div>
 </body>
</html>
