<?xml version="1.0" encoding="UTF-8"?>
<!DOCTYPE html PUBLIC "-//W3C//DTD XHTML 1.0 Transitional//EN"
    "http://www.w3.org/TR/xhtml1/DTD/xhtml1-transitional.dtd">
<html xmlns="http://www.w3.org/1999/xhtml" xml:lang="en" lang="en">
 <head>
  <title>
</title>
<meta http-equiv="Content-Type" content="text/html;charset=utf-8" />
  <meta name='ocr-system' content='tesseract 3.04.00' />
  <meta name='ocr-capabilities' content='ocr_page ocr_carea ocr_par ocr_line ocrx_word'/>
</head>
<body>
  <div class='ocr_page' id='page_1' title='image "./pvirgiliusmaroq05barbgoog_0385.png"; bbox 0 0 2968 4696; ppageno 0'>
   <div class='ocr_carea' id='block_1_1' title="bbox 487 302 1206 393">
    <p class='ocr_par' dir='ltr' id='par_1_1' title="bbox 487 302 1206 393">
     <span class='ocr_line' id='line_1_1' title="bbox 487 302 1206 393; baseline 0.008 -27"><span class='ocrx_word' id='word_1_1' title='bbox 487 305 550 366; x_wconf 82' lang='lat' dir='ltr'>in</span> <span class='ocrx_word' id='word_1_2' title='bbox 573 302 774 366; x_wconf 75' lang='lat' dir='ltr'>airaon</span> <span class='ocrx_word' id='word_1_3' title='bbox 795 303 882 366; x_wconf 81' lang='lat' dir='ltr'>vir.</span> <span class='ocrx_word' id='word_1_4' title='bbox 1143 305 1206 393; x_wconf 79' lang='lat'>375</span> 
     </span>
    </p>
   </div>
   <div class='ocr_carea' id='block_1_2' title="bbox 175 423 1222 3669">
    <p class='ocr_par' dir='ltr' id='par_1_2' title="bbox 175 423 1218 2238">
     <span class='ocr_line' id='line_1_2' title="bbox 175 423 1208 498; baseline -0.005 -16"><span class='ocrx_word' id='word_1_5' title='bbox 175 429 241 482; x_wconf 90' lang='lat' dir='ltr'>adeo</span> <span class='ocrx_word' id='word_1_6' title='bbox 251 429 369 482; x_wconf 75' lang='lat' dir='ltr'>Ausones</span> <span class='ocrx_word' id='word_1_7' title='bbox 382 426 416 482; x_wconf 83' lang='lat' dir='ltr'>ab</span> <span class='ocrx_word' id='word_1_8' title='bbox 428 427 548 490; x_wconf 79' lang='lat' dir='ltr'>Ausone,</span> <span class='ocrx_word' id='word_1_9' title='bbox 563 444 609 478; x_wconf 87' lang='lat' dir='ltr'>seu</span> <span class='ocrx_word' id='word_1_10' title='bbox 621 423 709 476; x_wconf 88' lang='lat' dir='ltr'>Circes</span> <span class='ocrx_word' id='word_1_11' title='bbox 725 423 779 474; x_wconf 84' lang='lat' dir='ltr'>lilio</span> <span class='ocrx_word' id='word_1_12' title='bbox 793 441 823 475; x_wconf 85' lang='lat' dir='ltr'>ex</span> <span class='ocrx_word' id='word_1_13' title='bbox 836 423 943 495; x_wconf 72' lang='lat' dir='ltr'>Ulysse,</span> <span class='ocrx_word' id='word_1_14' title='bbox 953 441 999 476; x_wconf 88' lang='lat' dir='ltr'>seu</span> <span class='ocrx_word' id='word_1_15' title='bbox 1008 425 1150 498; x_wconf 72' lang='lat' dir='ltr'>Calypsus,</span> <span class='ocrx_word' id='word_1_16' title='bbox 1161 445 1208 477; x_wconf 88' lang='lat' dir='ltr'>or-</span> 
     </span>
     <span class='ocr_line' id='line_1_3' title="bbox 175 502 1210 579; baseline -0.001 -20"><span class='ocrx_word' id='word_1_17' title='bbox 175 521 231 560; x_wconf 91' lang='lat' dir='ltr'>tum</span> <span class='ocrx_word' id='word_1_18' title='bbox 245 508 369 560; x_wconf 87' lang='lat' dir='ltr'>habuisse</span> <span class='ocrx_word' id='word_1_19' title='bbox 378 519 526 560; x_wconf 89' lang='lat' dir='ltr'>narrantur.</span> <span class='ocrx_word' id='word_1_20' title='bbox 540 507 646 558; x_wconf 81' lang='lat' dir='ltr'>Testae:</span> <span class='ocrx_word' id='word_1_21' title='bbox 660 503 804 556; x_wconf 85' lang='lat' dir='ltr'>Ausoniam</span> <span class='ocrx_word' id='word_1_22' title='bbox 817 502 962 574; x_wconf 81' lang='lat' dir='ltr'>appellavit</span> <span class='ocrx_word' id='word_1_23' title='bbox 971 505 1061 558; x_wconf 81' lang='lat' dir='ltr'>Auson</span> <span class='ocrx_word' id='word_1_24' title='bbox 1078 505 1173 579; x_wconf 82' lang='lat' dir='ltr'>Ulyssis</span> <span class='ocrx_word' id='word_1_25' title='bbox 1184 517 1210 558; x_wconf 88' lang='lat' dir='ltr'>et</span> 
     </span>
     <span class='ocr_line' id='line_1_4' title="bbox 177 580 1210 659; baseline -0.001 -20"><span class='ocrx_word' id='word_1_26' title='bbox 177 586 300 658; x_wconf 79' lang='lat' dir='ltr'>Calypsus</span> <span class='ocrx_word' id='word_1_27' title='bbox 303 585 382 659; x_wconf 81' lang='lat' dir='ltr'>filias</span> <span class='ocrx_word' id='word_1_28' title='bbox 392 605 449 638; x_wconf 90' lang='lat' dir='ltr'>eam</span> <span class='ocrx_word' id='word_1_29' title='bbox 459 585 574 658; x_wconf 83' lang='lat' dir='ltr'>primam</span> <span class='ocrx_word' id='word_1_30' title='bbox 584 593 687 656; x_wconf 84' lang='lat' dir='ltr'>partem</span> <span class='ocrx_word' id='word_1_31' title='bbox 699 580 785 634; x_wconf 77' lang='lat' dir='ltr'>ltalia</span> <span class='ocrx_word' id='word_1_32' title='bbox 792 619 802 648; x_wconf 90' lang='lat'>,</span> <span class='ocrx_word' id='word_1_33' title='bbox 817 583 844 634; x_wconf 87' lang='lat' dir='ltr'>in</span> <span class='ocrx_word' id='word_1_34' title='bbox 858 601 911 655; x_wconf 79' lang='lat' dir='ltr'>qua</span> <span class='ocrx_word' id='word_1_35' title='bbox 922 595 984 636; x_wconf 85' lang='lat' dir='ltr'>sunt</span> <span class='ocrx_word' id='word_1_36' title='bbox 993 586 1066 638; x_wconf 86' lang='lat' dir='ltr'>urbes</span> <span class='ocrx_word' id='word_1_37' title='bbox 1077 588 1210 638; x_wconf 87' lang='lat' dir='ltr'>Beneven-</span> 
     </span>
     <span class='ocr_line' id='line_1_5' title="bbox 176 661 1210 738; baseline 0.004 -24"><span class='ocrx_word' id='word_1_38' title='bbox 176 675 231 716; x_wconf 85' lang='lat' dir='ltr'>tum</span> <span class='ocrx_word' id='word_1_39' title='bbox 243 677 270 717; x_wconf 89' lang='lat' dir='ltr'>et</span> <span class='ocrx_word' id='word_1_40' title='bbox 283 665 353 719; x_wconf 80' lang='lat' dir='ltr'>Cales</span> <span class='ocrx_word' id='word_1_41' title='bbox 368 666 436 737; x_wconf 88' lang='lat' dir='ltr'>(hoc</span> <span class='ocrx_word' id='word_1_42' title='bbox 445 665 565 736; x_wconf 87' lang='lat' dir='ltr'>quidem,</span> <span class='ocrx_word' id='word_1_43' title='bbox 577 677 697 734; x_wconf 89' lang='lat' dir='ltr'>utsupra</span> <span class='ocrx_word' id='word_1_44' title='bbox 707 661 835 726; x_wconf 81' lang='lat' dir='ltr'>vidimus,</span> <span class='ocrx_word' id='word_1_45' title='bbox 848 676 935 728; x_wconf 82' lang='lat' dir='ltr'>recte3</span> <span class='ocrx_word' id='word_1_46' title='bbox 948 683 1008 716; x_wconf 90' lang='lat' dir='ltr'>nam</span> <span class='ocrx_word' id='word_1_47' title='bbox 1018 684 1050 718; x_wconf 90' lang='lat' dir='ltr'>oa</span> <span class='ocrx_word' id='word_1_48' title='bbox 1059 667 1139 719; x_wconf 78' lang='lat' dir='ltr'>ltalia</span> <span class='ocrx_word' id='word_1_49' title='bbox 1148 685 1210 738; x_wconf 88' lang='lat' dir='ltr'>pars</span> 
     </span>
     <span class='ocr_line' id='line_1_6' title="bbox 175 733 1210 817; baseline 0.004 -25"><span class='ocrx_word' id='word_1_50' title='bbox 175 743 298 796; x_wconf 79' lang='lat' dir='ltr'>Ausonia</span> <span class='ocrx_word' id='word_1_51' title='bbox 310 746 415 797; x_wconf 89' lang='lat' dir='ltr'>nomine</span> <span class='ocrx_word' id='word_1_52' title='bbox 434 745 541 816; x_wconf 80' lang='lat' dir='ltr'>proprie</span> <span class='ocrx_word' id='word_1_53' title='bbox 555 733 664 814; x_wconf 66' lang='lat' dir='ltr'>insignis</span> <span class='ocrx_word' id='word_1_54' title='bbox 684 741 763 812; x_wconf 88' lang='lat' dir='ltr'>fuit),</span> <span class='ocrx_word' id='word_1_55' title='bbox 778 739 871 792; x_wconf 85' lang='lat' dir='ltr'>deinde</span> <span class='ocrx_word' id='word_1_56' title='bbox 883 739 1028 812; x_wconf 72' lang='lat' dir='ltr'><em>paullatim</em></span> <span class='ocrx_word' id='word_1_57' title='bbox 1042 753 1093 793; x_wconf 85' lang='lat' dir='ltr'>tota</span> <span class='ocrx_word' id='word_1_58' title='bbox 1110 763 1210 817; x_wconf 69' lang='lat' dir='ltr'>ottoque</span> 
     </span>
     <span class='ocr_line' id='line_1_7' title="bbox 176 819 1211 897; baseline 0.004 -25"><span class='ocrx_word' id='word_1_59' title='bbox 176 821 273 888; x_wconf 84' lang='lat' dir='ltr'>ltalia,</span> <span class='ocrx_word' id='word_1_60' title='bbox 289 841 347 897; x_wconf 76' lang='lat' dir='ltr'>quse</span> <span class='ocrx_word' id='word_1_61' title='bbox 357 824 497 896; x_wconf 76' lang='lat' dir='ltr'>Apennino</span> <span class='ocrx_word' id='word_1_62' title='bbox 508 819 625 895; x_wconf 83' lang='lat' dir='ltr'>finitur,</span> <span class='ocrx_word' id='word_1_63' title='bbox 644 821 714 874; x_wconf 87' lang='lat' dir='ltr'>dicta</span> <span class='ocrx_word' id='word_1_64' title='bbox 733 831 769 874; x_wconf 81' lang='lat' dir='ltr'>est</span> <span class='ocrx_word' id='word_1_65' title='bbox 786 820 904 874; x_wconf 70' lang='lat' dir='ltr'>Autronio</span> <span class='ocrx_word' id='word_1_66' title='bbox 921 820 1065 890; x_wconf 83' lang='lat' dir='ltr'>(hactenus</span> <span class='ocrx_word' id='word_1_67' title='bbox 1076 841 1150 886; x_wconf 70' lang='lat' dir='ltr'>sere,</span> <span class='ocrx_word' id='word_1_68' title='bbox 1164 823 1211 876; x_wconf 90' lang='lat' dir='ltr'>sed</span> 
     </span>
     <span class='ocr_line' id='line_1_8' title="bbox 176 899 1213 976; baseline 0.001 -26"><span class='ocrx_word' id='word_1_69' title='bbox 176 899 279 972; x_wconf 87' lang='lat' dir='ltr'>reliqua</span> <span class='ocrx_word' id='word_1_70' title='bbox 288 902 424 976; x_wconf 79' lang='lat' dir='ltr'>fabulose)</span> <span class='ocrx_word' id='word_1_71' title='bbox 434 903 466 954; x_wconf 81' lang='lat' dir='ltr'>ab</span> <span class='ocrx_word' id='word_1_72' title='bbox 478 902 566 954; x_wconf 83' lang='lat' dir='ltr'>eodem</span> <span class='ocrx_word' id='word_1_73' title='bbox 579 901 658 966; x_wconf 85' lang='lat' dir='ltr'>duee,</span> <span class='ocrx_word' id='word_1_74' title='bbox 670 919 687 949; x_wconf 87' lang='lat' dir='ltr'>o</span> <span class='ocrx_word' id='word_1_75' title='bbox 699 917 751 971; x_wconf 74' lang='lat' dir='ltr'>quo</span> <span class='ocrx_word' id='word_1_76' title='bbox 760 899 837 949; x_wconf 80' lang='lat' dir='ltr'>etiam</span> <span class='ocrx_word' id='word_1_77' title='bbox 848 899 980 950; x_wconf 77' lang='lat' dir='ltr'>conditam</span> <span class='ocrx_word' id='word_1_78' title='bbox 985 899 1069 970; x_wconf 83' lang='lat' dir='ltr'>fuisse</span> <span class='ocrx_word' id='word_1_79' title='bbox 1077 901 1213 954; x_wconf 83' lang='lat' dir='ltr'>Aruncarn</span> 
     </span>
     <span class='ocr_line' id='line_1_9' title="bbox 177 976 1212 1052; baseline 0.002 -24"><span class='ocrx_word' id='word_1_80' title='bbox 177 979 266 1030; x_wconf 83' lang='lat' dir='ltr'>urbem</span> <span class='ocrx_word' id='word_1_81' title='bbox 272 979 483 1052; x_wconf 84' lang='lat' dir='ltr'>ferunt(Suessa</span> <span class='ocrx_word' id='word_1_82' title='bbox 492 982 611 1046; x_wconf 77' lang='lat' dir='ltr'>drunca,</span> <span class='ocrx_word' id='word_1_83' title='bbox 624 978 658 1030; x_wconf 90' lang='lat' dir='ltr'>ab</span> <span class='ocrx_word' id='word_1_84' title='bbox 670 979 800 1029; x_wconf 76' lang='lat' dir='ltr'>Auruncis</span> <span class='ocrx_word' id='word_1_85' title='bbox 810 976 951 1048; x_wconf 85' lang='lat' dir='ltr'>habitata).</span> <span class='ocrx_word' id='word_1_86' title='bbox 962 977 1001 1029; x_wconf 80' lang='lat' dir='ltr'>Ab</span> <span class='ocrx_word' id='word_1_87' title='bbox 1012 979 1111 1050; x_wconf 70' lang='lat' dir='ltr'>Ulyssis</span> <span class='ocrx_word' id='word_1_88' title='bbox 1122 991 1148 1029; x_wconf 89' lang='lat' dir='ltr'>et</span> <span class='ocrx_word' id='word_1_89' title='bbox 1157 979 1212 1030; x_wconf 90' lang='lat' dir='ltr'>Cir-</span> 
     </span>
     <span class='ocr_line' id='line_1_10' title="bbox 177 1057 1214 1128; baseline 0.004 -20"><span class='ocrx_word' id='word_1_90' title='bbox 177 1075 220 1109; x_wconf 90' lang='lat' dir='ltr'>ces</span> <span class='ocrx_word' id='word_1_91' title='bbox 236 1059 318 1112; x_wconf 84' lang='lat' dir='ltr'>tribus</span> <span class='ocrx_word' id='word_1_92' title='bbox 332 1061 405 1128; x_wconf 84' lang='lat' dir='ltr'>filiis,</span> <span class='ocrx_word' id='word_1_93' title='bbox 417 1064 517 1128; x_wconf 79' lang='lat' dir='ltr'>nomo,</span> <span class='ocrx_word' id='word_1_94' title='bbox 530 1060 610 1113; x_wconf 82' lang='lat' dir='ltr'>Antia</span> <span class='ocrx_word' id='word_1_95' title='bbox 622 1072 648 1112; x_wconf 87' lang='lat' dir='ltr'>et</span> <span class='ocrx_word' id='word_1_96' title='bbox 660 1057 762 1124; x_wconf 82' lang='lat' dir='ltr'>Ardea,</span> <span class='ocrx_word' id='word_1_97' title='bbox 774 1071 827 1110; x_wconf 88' lang='lat' dir='ltr'>tres</span> <span class='ocrx_word' id='word_1_98' title='bbox 839 1058 917 1111; x_wconf 89' lang='lat' dir='ltr'>urbes</span> <span class='ocrx_word' id='word_1_99' title='bbox 930 1059 1051 1112; x_wconf 86' lang='lat' dir='ltr'>conditas</span> <span class='ocrx_word' id='word_1_100' title='bbox 1059 1073 1085 1112; x_wconf 94' lang='lat' dir='ltr'>et</span> <span class='ocrx_word' id='word_1_101' title='bbox 1094 1062 1214 1112; x_wconf 89' lang='lat' dir='ltr'>nomina-</span> 
     </span>
     <span class='ocr_line' id='line_1_11' title="bbox 178 1138 1213 1214; baseline 0.005 -28"><span class='ocrx_word' id='word_1_102' title='bbox 178 1148 217 1187; x_wconf 89' lang='lat' dir='ltr'>tas</span> <span class='ocrx_word' id='word_1_103' title='bbox 228 1138 382 1212; x_wconf 77' lang='lat' dir='ltr'>Xenagoras</span> <span class='ocrx_word' id='word_1_104' title='bbox 394 1142 540 1194; x_wconf 77' lang='lat' dir='ltr'>tradiderat</span> <span class='ocrx_word' id='word_1_105' title='bbox 550 1160 592 1213; x_wconf 89' lang='lat' dir='ltr'>ap.</span> <span class='ocrx_word' id='word_1_106' title='bbox 604 1141 712 1214; x_wconf 71' lang='lat' dir='ltr'>Dionys.</span> <span class='ocrx_word' id='word_1_107' title='bbox 724 1141 749 1204; x_wconf 88' lang='grc' dir='ltr'>Ι,</span> <span class='ocrx_word' id='word_1_108' title='bbox 763 1158 794 1210; x_wconf 84' lang='lat'>7²</span> <span class='ocrx_word' id='word_1_109' title='bbox 810 1138 847 1210; x_wconf 86' lang='lat' dir='ltr'>(p.</span> <span class='ocrx_word' id='word_1_110' title='bbox 858 1139 927 1210; x_wconf 81' lang='lat'>58.):</span> <span class='ocrx_word' id='word_1_111' title='bbox 942 1141 975 1192; x_wconf 90' lang='lat' dir='ltr'>cf.</span> <span class='ocrx_word' id='word_1_112' title='bbox 990 1141 1059 1192; x_wconf 82' lang='lat' dir='ltr'>viros</span> <span class='ocrx_word' id='word_1_113' title='bbox 1074 1141 1168 1192; x_wconf 90' lang='lat' dir='ltr'>doctos</span> <span class='ocrx_word' id='word_1_114' title='bbox 1178 1139 1213 1192; x_wconf 91' lang='lat' dir='ltr'>ad</span> 
     </span>
     <span class='ocr_line' id='line_1_12' title="bbox 176 1213 1212 1294; baseline 0.005 -25"><span class='ocrx_word' id='word_1_115' title='bbox 176 1213 301 1289; x_wconf 80' lang='lat' dir='ltr'>Stephon.</span> <span class='ocrx_word' id='word_1_116' title='bbox 314 1223 431 1292; x_wconf 70' lang='lat' dir='ltr'>in&#39;nplie</span> <span class='ocrx_word' id='word_1_117' title='bbox 442 1235 468 1274; x_wconf 91' lang='lat' dir='ltr'>et</span> <span class='ocrx_word' id='word_1_118' title='bbox 479 1221 582 1274; x_wconf 82' lang='lat' dir='ltr'>Closer.</span> <span class='ocrx_word' id='word_1_119' title='bbox 596 1239 657 1294; x_wconf 70' lang='lat' dir='ltr'>pag.</span> <span class='ocrx_word' id='word_1_120' title='bbox 671 1222 732 1291; x_wconf 83' lang='lat'>976.</span> <span class='ocrx_word' id='word_1_121' title='bbox 746 1221 868 1272; x_wconf 87' lang='lat' dir='ltr'>Latinum</span> <span class='ocrx_word' id='word_1_122' title='bbox 879 1219 967 1273; x_wconf 78' lang='lat' dir='ltr'>Circes</span> <span class='ocrx_word' id='word_1_123' title='bbox 981 1234 1008 1272; x_wconf 89' lang='lat' dir='ltr'>et</span> <span class='ocrx_word' id='word_1_124' title='bbox 1020 1222 1118 1294; x_wconf 75' lang='lat' dir='ltr'>Ulyssis</span> <span class='ocrx_word' id='word_1_125' title='bbox 1130 1223 1212 1274; x_wconf 90' lang='lat' dir='ltr'>lilium</span> 
     </span>
     <span class='ocr_line' id='line_1_13' title="bbox 175 1298 1213 1374; baseline 0.008 -28"><span class='ocrx_word' id='word_1_126' title='bbox 175 1298 230 1366; x_wconf 84' lang='lat' dir='ltr'>jam</span> <span class='ocrx_word' id='word_1_127' title='bbox 240 1299 370 1353; x_wconf 80' lang='lat' dir='ltr'>Hesiodus</span> <span class='ocrx_word' id='word_1_128' title='bbox 382 1301 501 1374; x_wconf 80' lang='lat' dir='ltr'>prodidit</span> <span class='ocrx_word' id='word_1_129' title='bbox 513 1301 615 1374; x_wconf 74' lang='lat' dir='ltr'>Theog.</span> <span class='ocrx_word' id='word_1_130' title='bbox 633 1315 676 1352; x_wconf 86' lang='lat' dir='ltr'>ior</span> <span class='ocrx_word' id='word_1_131' title='bbox 684 1315 712 1366; x_wconf 85' lang='lat' dir='ltr'>t,</span> <span class='ocrx_word' id='word_1_132' title='bbox 730 1299 812 1367; x_wconf 82' lang='lat'>1013,</span> <span class='ocrx_word' id='word_1_133' title='bbox 826 1300 978 1354; x_wconf 74' lang='lat' dir='ltr'><strong>Telemachi</strong></span> <span class='ocrx_word' id='word_1_134' title='bbox 990 1313 1015 1354; x_wconf 83' lang='lat' dir='ltr'>et</span> <span class='ocrx_word' id='word_1_135' title='bbox 1027 1300 1116 1355; x_wconf 82' lang='lat' dir='ltr'>Circes</span> <span class='ocrx_word' id='word_1_136' title='bbox 1130 1301 1213 1354; x_wconf 80' lang='lat' dir='ltr'>lilium</span> 
     </span>
     <span class='ocr_line' id='line_1_14' title="bbox 178 1372 1214 1454; baseline 0.008 -31"><span class='ocrx_word' id='word_1_137' title='bbox 178 1372 237 1440; x_wconf 88' lang='lat' dir='ltr'>alii,</span> <span class='ocrx_word' id='word_1_138' title='bbox 248 1377 316 1432; x_wconf 87' lang='lat' dir='ltr'>forte</span> <span class='ocrx_word' id='word_1_139' title='bbox 326 1382 383 1452; x_wconf 86' lang='lat' dir='ltr'>ipse</span> <span class='ocrx_word' id='word_1_140' title='bbox 393 1380 541 1454; x_wconf 73' lang='lat' dir='ltr'>Telegonia</span> <span class='ocrx_word' id='word_1_141' title='bbox 549 1393 655 1446; x_wconf 89' lang='lat' dir='ltr'>auctor,</span> <span class='ocrx_word' id='word_1_142' title='bbox 666 1381 790 1432; x_wconf 78' lang='lat' dir='ltr'>carminis</span> <span class='ocrx_word' id='word_1_143' title='bbox 800 1379 892 1451; x_wconf 75' lang='lat' dir='ltr'>cyclici</span> <span class='ocrx_word' id='word_1_144' title='bbox 903 1402 908 1430; x_wconf 92' lang='lat'>:</span> <span class='ocrx_word' id='word_1_145' title='bbox 922 1399 946 1430; x_wconf 89' lang='lat' dir='ltr'>v.</span> <span class='ocrx_word' id='word_1_146' title='bbox 958 1381 1051 1452; x_wconf 74' lang='lat' dir='ltr'>Hygia.</span> <span class='ocrx_word' id='word_1_147' title='bbox 1061 1382 1080 1432; x_wconf 87' lang='lat' dir='ltr'>l.</span> <span class='ocrx_word' id='word_1_148' title='bbox 1096 1380 1214 1450; x_wconf 77' lang='lat' dir='ltr'>127,ubi</span> 
     </span>
     <span class='ocr_line' id='line_1_15' title="bbox 178 1455 1217 1534; baseline 0.006 -28"><span class='ocrx_word' id='word_1_149' title='bbox 178 1473 202 1506; x_wconf 87' lang='lat' dir='ltr'>v.</span> <span class='ocrx_word' id='word_1_150' title='bbox 216 1455 303 1530; x_wconf 81' lang='lat' dir='ltr'>intpp.</span> <span class='ocrx_word' id='word_1_151' title='bbox 323 1461 384 1512; x_wconf 89' lang='lat' dir='ltr'>add.</span> <span class='ocrx_word' id='word_1_152' title='bbox 404 1461 524 1534; x_wconf 88' lang='lat' dir='ltr'>Geopon.</span> <span class='ocrx_word' id='word_1_153' title='bbox 537 1462 589 1526; x_wconf 80' lang='lat' dir='ltr'>xl,</span> <span class='ocrx_word' id='word_1_154' title='bbox 603 1479 632 1524; x_wconf 74' lang='lat'>²3</span> <span class='ocrx_word' id='word_1_155' title='bbox 654 1460 700 1512; x_wconf 90' lang='lat' dir='ltr'>ubi</span> <span class='ocrx_word' id='word_1_156' title='bbox 718 1478 743 1511; x_wconf 82' lang='lat' dir='ltr'>v.</span> <span class='ocrx_word' id='word_1_157' title='bbox 760 1459 859 1512; x_wconf 89' lang='lat' dir='ltr'>Nicias.</span> <span class='ocrx_word' id='word_1_158' title='bbox 872 1458 1052 1531; x_wconf 77' lang='lat' dir='ltr'>corruperant</span> <span class='ocrx_word' id='word_1_159' title='bbox 1063 1458 1217 1512; x_wconf 80' lang='lat' dir='ltr'>Telemachi</span> 
     </span>
     <span class='ocr_line' id='line_1_16' title="bbox 176 1538 1216 1613; baseline 0.007 -30"><span class='ocrx_word' id='word_1_160' title='bbox 176 1551 273 1587; x_wconf 89' lang='lat' dir='ltr'>nomen</span> <span class='ocrx_word' id='word_1_161' title='bbox 286 1549 312 1589; x_wconf 87' lang='lat' dir='ltr'>et</span> <span class='ocrx_word' id='word_1_162' title='bbox 324 1540 488 1594; x_wconf 86' lang='lat' dir='ltr'>tradiderant</span> <span class='ocrx_word' id='word_1_163' title='bbox 501 1540 612 1613; x_wconf 83' lang='lat' dir='ltr'>Telephi</span> <span class='ocrx_word' id='word_1_164' title='bbox 624 1539 706 1592; x_wconf 88' lang='lat' dir='ltr'>lilium</span> <span class='ocrx_word' id='word_1_165' title='bbox 721 1539 780 1604; x_wconf 88' lang='lat' dir='ltr'>alii,</span> <span class='ocrx_word' id='word_1_166' title='bbox 800 1557 866 1610; x_wconf 89' lang='lat' dir='ltr'>quos</span> <span class='ocrx_word' id='word_1_167' title='bbox 879 1538 1014 1592; x_wconf 86' lang='lat' dir='ltr'>Cedrenus</span> <span class='ocrx_word' id='word_1_168' title='bbox 1031 1552 1158 1611; x_wconf 85' lang='lat' dir='ltr'>sequutus</span> <span class='ocrx_word' id='word_1_169' title='bbox 1176 1551 1216 1592; x_wconf 90' lang='lat' dir='ltr'>est</span> 
     </span>
     <span class='ocr_line' id='line_1_17' title="bbox 177 1611 1215 1692; baseline 0.005 -29"><span class='ocrx_word' id='word_1_170' title='bbox 177 1630 204 1682; x_wconf 85' lang='lat' dir='ltr'>p.</span> <span class='ocrx_word' id='word_1_171' title='bbox 222 1611 270 1666; x_wconf 81' lang='lat'>135</span> <span class='ocrx_word' id='word_1_172' title='bbox 284 1616 315 1666; x_wconf 89' lang='lat' dir='ltr'>D.</span> <span class='ocrx_word' id='word_1_173' title='bbox 330 1619 413 1687; x_wconf 86' lang='lat' dir='ltr'>Hujus</span> <span class='ocrx_word' id='word_1_174' title='bbox 424 1621 527 1691; x_wconf 73' lang='lat' dir='ltr'>generis</span> <span class='ocrx_word' id='word_1_175' title='bbox 540 1619 622 1672; x_wconf 92' lang='lat' dir='ltr'>multa</span> <span class='ocrx_word' id='word_1_176' title='bbox 635 1621 662 1670; x_wconf 91' lang='lat' dir='ltr'>in</span> <span class='ocrx_word' id='word_1_177' title='bbox 673 1619 760 1691; x_wconf 91' lang='lat' dir='ltr'>primo</span> <span class='ocrx_word' id='word_1_178' title='bbox 773 1619 860 1683; x_wconf 82' lang='lat' dir='ltr'>statim</span> <span class='ocrx_word' id='word_1_179' title='bbox 877 1618 946 1670; x_wconf 88' lang='lat' dir='ltr'>libro</span> <span class='ocrx_word' id='word_1_180' title='bbox 961 1619 1080 1692; x_wconf 71' lang='lat' dir='ltr'>Dionysii</span> <span class='ocrx_word' id='word_1_181' title='bbox 1092 1629 1118 1670; x_wconf 90' lang='lat' dir='ltr'>et</span> <span class='ocrx_word' id='word_1_182' title='bbox 1132 1618 1215 1670; x_wconf 86' lang='lat' dir='ltr'>Solia.</span> 
     </span>
     <span class='ocr_line' id='line_1_18' title="bbox 179 1696 1217 1768; baseline 0.01 -27"><span class='ocrx_word' id='word_1_183' title='bbox 179 1708 237 1761; x_wconf 86' lang='lat' dir='ltr'>cap.</span> <span class='ocrx_word' id='word_1_184' title='bbox 253 1709 266 1746; x_wconf 83' lang='lat'><em>2</em></span> <span class='ocrx_word' id='word_1_185' title='bbox 280 1700 405 1766; x_wconf 78' lang='lat' dir='ltr'>cognosci</span> <span class='ocrx_word' id='word_1_186' title='bbox 417 1711 536 1768; x_wconf 88' lang='lat' dir='ltr'>possunt.</span> <span class='ocrx_word' id='word_1_187' title='bbox 547 1696 682 1750; x_wconf 76' lang='lat' dir='ltr'>Traducta</span> <span class='ocrx_word' id='word_1_188' title='bbox 692 1715 798 1768; x_wconf 89' lang='lat' dir='ltr'>quoque</span> <span class='ocrx_word' id='word_1_189' title='bbox 811 1713 852 1748; x_wconf 88' lang='lat' dir='ltr'>res</span> <span class='ocrx_word' id='word_1_190' title='bbox 868 1697 902 1748; x_wconf 91' lang='lat' dir='ltr'>ad</span> <span class='ocrx_word' id='word_1_191' title='bbox 917 1698 983 1749; x_wconf 87' lang='lat' dir='ltr'>alios</span> <span class='ocrx_word' id='word_1_192' title='bbox 997 1717 1013 1750; x_wconf 89' lang='lat' dir='ltr'>a</span> <span class='ocrx_word' id='word_1_193' title='bbox 1024 1699 1104 1768; x_wconf 83' lang='lat' dir='ltr'>Troja</span> <span class='ocrx_word' id='word_1_194' title='bbox 1116 1716 1163 1750; x_wconf 88' lang='lat' dir='ltr'>seu</span> <span class='ocrx_word' id='word_1_195' title='bbox 1175 1717 1217 1752; x_wconf 92' lang='lat' dir='ltr'>re-</span> 
     </span>
     <span class='ocr_line' id='line_1_19' title="bbox 179 1768 1215 1848; baseline 0.009 -29"><span class='ocrx_word' id='word_1_196' title='bbox 179 1768 270 1836; x_wconf 85' lang='lat' dir='ltr'>duces,</span> <span class='ocrx_word' id='word_1_197' title='bbox 282 1791 328 1825; x_wconf 87' lang='lat' dir='ltr'>seu</span> <span class='ocrx_word' id='word_1_198' title='bbox 337 1777 474 1848; x_wconf 72' lang='lat' dir='ltr'>profugos.</span> <span class='ocrx_word' id='word_1_199' title='bbox 488 1779 526 1828; x_wconf 89' lang='lat' dir='ltr'>lta</span> <span class='ocrx_word' id='word_1_200' title='bbox 537 1776 624 1848; x_wconf 75' lang='lat' dir='ltr'>Capys</span> <span class='ocrx_word' id='word_1_201' title='bbox 636 1775 808 1846; x_wconf 84' lang='lat' dir='ltr'>Campaniam</span> <span class='ocrx_word' id='word_1_202' title='bbox 821 1777 914 1825; x_wconf 91' lang='lat' dir='ltr'>tenuit.</span> <span class='ocrx_word' id='word_1_203' title='bbox 927 1775 988 1826; x_wconf 80' lang='lat' dir='ltr'>Alia</span> <span class='ocrx_word' id='word_1_204' title='bbox 1000 1793 1024 1824; x_wconf 86' lang='lat' dir='ltr'>v.</span> <span class='ocrx_word' id='word_1_205' title='bbox 1038 1795 1081 1848; x_wconf 88' lang='lat' dir='ltr'>ap.</span> <span class='ocrx_word' id='word_1_206' title='bbox 1094 1776 1166 1830; x_wconf 85' lang='lat' dir='ltr'>Serv.</span> <span class='ocrx_word' id='word_1_207' title='bbox 1180 1775 1215 1830; x_wconf 89' lang='lat' dir='ltr'>ad</span> 
     </span>
     <span class='ocr_line' id='line_1_20' title="bbox 177 1848 1216 1928; baseline 0.011 -29"><span class='ocrx_word' id='word_1_208' title='bbox 177 1848 235 1899; x_wconf 83' lang='lat' dir='ltr'>AEn.</span> <span class='ocrx_word' id='word_1_209' title='bbox 246 1851 271 1916; x_wconf 93' lang='lat' dir='ltr'>l,</span> <span class='ocrx_word' id='word_1_210' title='bbox 280 1851 338 1916; x_wconf 72' lang='lat'>²4²·</span> <span class='ocrx_word' id='word_1_211' title='bbox 351 1854 424 1924; x_wconf 87' lang='lat' dir='ltr'>lpsas</span> <span class='ocrx_word' id='word_1_212' title='bbox 434 1872 569 1906; x_wconf 90' lang='lat' dir='ltr'>sacrorum</span> <span class='ocrx_word' id='word_1_213' title='bbox 580 1855 694 1926; x_wconf 77' lang='lat' dir='ltr'>origines</span> <span class='ocrx_word' id='word_1_214' title='bbox 705 1856 744 1905; x_wconf 87' lang='lat' dir='ltr'>sic</span> <span class='ocrx_word' id='word_1_215' title='bbox 753 1871 897 1925; x_wconf 87' lang='lat' dir='ltr'>corrupere</span> <span class='ocrx_word' id='word_1_216' title='bbox 906 1855 1033 1920; x_wconf 82' lang='lat' dir='ltr'>Romani,</span> <span class='ocrx_word' id='word_1_217' title='bbox 1044 1869 1072 1908; x_wconf 84' lang='lat' dir='ltr'>ut</span> <span class='ocrx_word' id='word_1_218' title='bbox 1081 1859 1216 1928; x_wconf 87' lang='lat' dir='ltr'>Luperca·</span> 
     </span>
     <span class='ocr_line' id='line_1_21' title="bbox 178 1925 1216 2002; baseline 0.012 -26"><span class='ocrx_word' id='word_1_219' title='bbox 178 1925 251 1977; x_wconf 91' lang='lat' dir='ltr'>lium.</span> <span class='ocrx_word' id='word_1_220' title='bbox 264 1929 303 1981; x_wconf 82' lang='lat' dir='ltr'>De</span> <span class='ocrx_word' id='word_1_221' title='bbox 315 1931 406 1982; x_wconf 84' lang='lat' dir='ltr'>Fauno</span> <span class='ocrx_word' id='word_1_222' title='bbox 423 1950 447 1983; x_wconf 87' lang='lat' dir='ltr'>v.</span> <span class='ocrx_word' id='word_1_223' title='bbox 462 1932 595 1985; x_wconf 87' lang='lat' dir='ltr'>Plutarch.</span> <span class='ocrx_word' id='word_1_224' title='bbox 616 1931 736 1984; x_wconf 85' lang='lat' dir='ltr'>Parallel.</span> <span class='ocrx_word' id='word_1_225' title='bbox 753 1951 780 2002; x_wconf 89' lang='lat' dir='ltr'>p.</span> <span class='ocrx_word' id='word_1_226' title='bbox 803 1933 854 1984; x_wconf 82' lang='lat'>315</span> <span class='ocrx_word' id='word_1_227' title='bbox 876 1931 904 1984; x_wconf 91' lang='lat' dir='ltr'>C.</span> <span class='ocrx_word' id='word_1_228' title='bbox 920 1933 984 2001; x_wconf 77' lang='lat' dir='ltr'>Qua</span> <span class='ocrx_word' id='word_1_229' title='bbox 1000 1937 1089 1986; x_wconf 89' lang='lat' dir='ltr'>omnia</span> <span class='ocrx_word' id='word_1_230' title='bbox 1101 1938 1123 1988; x_wconf 89' lang='lat' dir='ltr'>si</span> <span class='ocrx_word' id='word_1_231' title='bbox 1135 1936 1216 1990; x_wconf 86' lang='lat' dir='ltr'>semel</span> 
     </span>
     <span class='ocr_line' id='line_1_22' title="bbox 179 2006 1217 2084; baseline 0.013 -31"><span class='ocrx_word' id='word_1_232' title='bbox 179 2006 361 2060; x_wconf 84' lang='lat' dir='ltr'>animadversa</span> <span class='ocrx_word' id='word_1_233' title='bbox 372 2023 398 2060; x_wconf 85' lang='lat' dir='ltr'>et</span> <span class='ocrx_word' id='word_1_234' title='bbox 411 2023 551 2082; x_wconf 87' lang='lat' dir='ltr'>perspecta</span> <span class='ocrx_word' id='word_1_235' title='bbox 562 2009 702 2074; x_wconf 87' lang='lat' dir='ltr'>habueris,</span> <span class='ocrx_word' id='word_1_236' title='bbox 722 2008 802 2061; x_wconf 89' lang='lat' dir='ltr'>ducta</span> <span class='ocrx_word' id='word_1_237' title='bbox 815 2010 863 2061; x_wconf 86' lang='lat' dir='ltr'>illa</span> <span class='ocrx_word' id='word_1_238' title='bbox 879 2030 910 2063; x_wconf 84' lang='lat' dir='ltr'>ex</span> <span class='ocrx_word' id='word_1_239' title='bbox 921 2029 1005 2081; x_wconf 80' lang='lat' dir='ltr'>prava</span> <span class='ocrx_word' id='word_1_240' title='bbox 1016 2015 1156 2084; x_wconf 90' lang='lat' dir='ltr'>opinione,</span> <span class='ocrx_word' id='word_1_241' title='bbox 1169 2014 1217 2067; x_wconf 85' lang='lat' dir='ltr'>sed</span> 
     </span>
     <span class='ocr_line' id='line_1_23' title="bbox 181 2087 1218 2155; baseline 0.012 -21"><span class='ocrx_word' id='word_1_242' title='bbox 181 2102 242 2134; x_wconf 92' lang='lat' dir='ltr'>cum</span> <span class='ocrx_word' id='word_1_243' title='bbox 253 2088 356 2139; x_wconf 89' lang='lat' dir='ltr'>ratione</span> <span class='ocrx_word' id='word_1_244' title='bbox 369 2103 456 2155; x_wconf 88' lang='lat' dir='ltr'>certa,</span> <span class='ocrx_word' id='word_1_245' title='bbox 469 2090 611 2141; x_wconf 88' lang='lat' dir='ltr'>multarum</span> <span class='ocrx_word' id='word_1_246' title='bbox 624 2087 815 2140; x_wconf 85' lang='lat' dir='ltr'>obscuritatum</span> <span class='ocrx_word' id='word_1_247' title='bbox 831 2101 857 2140; x_wconf 88' lang='lat' dir='ltr'>et</span> <span class='ocrx_word' id='word_1_248' title='bbox 874 2088 1060 2142; x_wconf 85' lang='lat' dir='ltr'>difficultatum</span> <span class='ocrx_word' id='word_1_249' title='bbox 1076 2091 1175 2144; x_wconf 87' lang='lat' dir='ltr'>nubem</span> <span class='ocrx_word' id='word_1_250' title='bbox 1187 2111 1218 2146; x_wconf 82' lang='lat' dir='ltr'>ex</span> 
     </span>
     <span class='ocr_line' id='line_1_24' title="bbox 181 2162 853 2238; baseline 0.003 -26"><span class='ocrx_word' id='word_1_251' title='bbox 181 2174 269 2215; x_wconf 80' lang='lat' dir='ltr'>vetere</span> <span class='ocrx_word' id='word_1_252' title='bbox 281 2165 392 2218; x_wconf 88' lang='lat' dir='ltr'>historia</span> <span class='ocrx_word' id='word_1_253' title='bbox 404 2167 481 2220; x_wconf 87' lang='lat' dir='ltr'>facile</span> <span class='ocrx_word' id='word_1_254' title='bbox 491 2162 636 2238; x_wconf 86' lang='lat' dir='ltr'>dispulsam</span> <span class='ocrx_word' id='word_1_255' title='bbox 649 2183 706 2218; x_wconf 86' lang='lat' dir='ltr'>esse</span> <span class='ocrx_word' id='word_1_256' title='bbox 715 2165 853 2236; x_wconf 70' lang='lat' dir='ltr'>intelliges.</span> 
     </span>
    </p>

    <p class='ocr_par' dir='ltr' id='par_1_3' title="bbox 180 2240 1220 3334">
     <span class='ocr_line' id='line_1_25' title="bbox 216 2240 1218 2319; baseline 0.001 -24"><span class='ocrx_word' id='word_1_257' title='bbox 216 2240 288 2308; x_wconf 91' lang='lat' dir='ltr'>Quid</span> <span class='ocrx_word' id='word_1_258' title='bbox 298 2243 371 2315; x_wconf 90' lang='lat' dir='ltr'>qood</span> <span class='ocrx_word' id='word_1_259' title='bbox 380 2248 443 2298; x_wconf 87' lang='lat' dir='ltr'>satis</span> <span class='ocrx_word' id='word_1_260' title='bbox 454 2244 593 2319; x_wconf 83' lang='lat' dir='ltr'>probabile</span> <span class='ocrx_word' id='word_1_261' title='bbox 605 2243 670 2296; x_wconf 89' lang='lat' dir='ltr'>mihi</span> <span class='ocrx_word' id='word_1_262' title='bbox 679 2242 723 2310; x_wconf 80' lang='lat' dir='ltr'>fir,</span> <span class='ocrx_word' id='word_1_263' title='bbox 739 2244 788 2294; x_wconf 89' lang='lat' dir='ltr'>etsi</span> <span class='ocrx_word' id='word_1_264' title='bbox 803 2241 904 2314; x_wconf 87' lang='lat' dir='ltr'>aliquid</span> <span class='ocrx_word' id='word_1_265' title='bbox 917 2261 967 2314; x_wconf 91' lang='lat' dir='ltr'>pro</span> <span class='ocrx_word' id='word_1_266' title='bbox 979 2242 1081 2313; x_wconf 90' lang='lat' dir='ltr'>liquido</span> <span class='ocrx_word' id='word_1_267' title='bbox 1092 2257 1117 2298; x_wconf 89' lang='lat' dir='ltr'>et</span> <span class='ocrx_word' id='word_1_268' title='bbox 1127 2246 1218 2317; x_wconf 83' lang='lat' dir='ltr'>explo-</span> 
     </span>
     <span class='ocr_line' id='line_1_26' title="bbox 181 2319 1218 2395; baseline 0.007 -27"><span class='ocrx_word' id='word_1_269' title='bbox 181 2329 239 2370; x_wconf 90' lang='lat' dir='ltr'>rato</span> <span class='ocrx_word' id='word_1_270' title='bbox 250 2321 277 2371; x_wconf 90' lang='lat' dir='ltr'>in</span> <span class='ocrx_word' id='word_1_271' title='bbox 286 2321 341 2388; x_wconf 87' lang='lat' dir='ltr'>his,</span> <span class='ocrx_word' id='word_1_272' title='bbox 355 2343 467 2395; x_wconf 88' lang='lat' dir='ltr'>quorum</span> <span class='ocrx_word' id='word_1_273' title='bbox 481 2322 555 2374; x_wconf 87' lang='lat' dir='ltr'>nulla</span> <span class='ocrx_word' id='word_1_274' title='bbox 565 2320 630 2374; x_wconf 85' lang='lat' dir='ltr'>tides</span> <span class='ocrx_word' id='word_1_275' title='bbox 642 2320 771 2373; x_wconf 86' lang='lat' dir='ltr'>historica</span> <span class='ocrx_word' id='word_1_276' title='bbox 782 2333 835 2384; x_wconf 87' lang='lat' dir='ltr'>est,</span> <span class='ocrx_word' id='word_1_277' title='bbox 848 2319 952 2374; x_wconf 88' lang='lat' dir='ltr'>tradere</span> <span class='ocrx_word' id='word_1_278' title='bbox 964 2319 1031 2372; x_wconf 87' lang='lat' dir='ltr'>velle</span> <span class='ocrx_word' id='word_1_279' title='bbox 1041 2323 1161 2394; x_wconf 90' lang='lat' dir='ltr'>ineptum</span> <span class='ocrx_word' id='word_1_280' title='bbox 1170 2327 1218 2390; x_wconf 88' lang='lat' dir='ltr'>sit,</span> 
     </span>
     <span class='ocr_line' id='line_1_27' title="bbox 180 2397 1218 2476; baseline 0.007 -28"><span class='ocrx_word' id='word_1_281' title='bbox 180 2397 265 2468; x_wconf 89' lang='lat' dir='ltr'>ipsam</span> <span class='ocrx_word' id='word_1_282' title='bbox 277 2401 396 2455; x_wconf 86' lang='lat' dir='ltr'>fabulam</span> <span class='ocrx_word' id='word_1_283' title='bbox 410 2403 443 2456; x_wconf 91' lang='lat' dir='ltr'>de</span> <span class='ocrx_word' id='word_1_284' title='bbox 457 2400 568 2456; x_wconf 79' lang='lat' dir='ltr'>Romulo</span> <span class='ocrx_word' id='word_1_285' title='bbox 581 2415 607 2454; x_wconf 90' lang='lat' dir='ltr'>et</span> <span class='ocrx_word' id='word_1_286' title='bbox 615 2403 697 2454; x_wconf 83' lang='lat' dir='ltr'>Remo</span> <span class='ocrx_word' id='word_1_287' title='bbox 710 2419 726 2451; x_wconf 89' lang='lat' dir='ltr'>a</span> <span class='ocrx_word' id='word_1_288' title='bbox 738 2399 803 2472; x_wconf 90' lang='lat' dir='ltr'>lupa</span> <span class='ocrx_word' id='word_1_289' title='bbox 814 2399 918 2452; x_wconf 86' lang='lat' dir='ltr'>lactatis</span> <span class='ocrx_word' id='word_1_290' title='bbox 933 2417 949 2449; x_wconf 91' lang='lat' dir='ltr'>a</span> <span class='ocrx_word' id='word_1_291' title='bbox 960 2401 1073 2452; x_wconf 88' lang='lat' dir='ltr'>nominis</span> <span class='ocrx_word' id='word_1_292' title='bbox 1086 2403 1218 2476; x_wconf 81' lang='lat' dir='ltr'>interpre-¹</span> 
     </span>
     <span class='ocr_line' id='line_1_28' title="bbox 182 2476 1217 2553; baseline 0.006 -27"><span class='ocrx_word' id='word_1_293' title='bbox 182 2477 281 2531; x_wconf 86' lang='lat' dir='ltr'>tatione</span> <span class='ocrx_word' id='word_1_294' title='bbox 296 2499 352 2534; x_wconf 86' lang='lat' dir='ltr'>csse</span> <span class='ocrx_word' id='word_1_295' title='bbox 363 2483 511 2553; x_wconf 88' lang='lat' dir='ltr'>profectam</span> <span class='ocrx_word' id='word_1_296' title='bbox 522 2505 528 2533; x_wconf 72' lang='grc' dir='ltr'><strong>ι</strong></span> <span class='ocrx_word' id='word_1_297' title='bbox 540 2499 602 2533; x_wconf 87' lang='lat' dir='ltr'>nam</span> <span class='ocrx_word' id='word_1_298' title='bbox 613 2499 628 2533; x_wconf 87' lang='lat' dir='ltr'>a</span> <span class='ocrx_word' id='word_1_299' title='bbox 641 2498 716 2530; x_wconf 78' lang='lat' dir='ltr'>sume</span> <span class='ocrx_word' id='word_1_300' title='bbox 723 2515 732 2546; x_wconf 90' lang='lat'>‚</span> <span class='ocrx_word' id='word_1_301' title='bbox 745 2497 792 2531; x_wconf 86' lang='lat' dir='ltr'>seu</span> <span class='ocrx_word' id='word_1_302' title='bbox 811 2476 896 2543; x_wconf 78' lang='lat' dir='ltr'>nemi,</span> <span class='ocrx_word' id='word_1_303' title='bbox 918 2476 991 2550; x_wconf 80' lang='lat' dir='ltr'>quod</span> <span class='ocrx_word' id='word_1_304' title='bbox 1007 2493 1081 2532; x_wconf 82' lang='lat' dir='ltr'>vetus</span> <span class='ocrx_word' id='word_1_305' title='bbox 1097 2500 1217 2536; x_wconf 75' lang='lat' dir='ltr'>mamma</span> 
     </span>
     <span class='ocr_line' id='line_1_29' title="bbox 180 2557 1219 2629; baseline 0.009 -21"><span class='ocrx_word' id='word_1_306' title='bbox 180 2577 277 2612; x_wconf 87' lang='lat' dir='ltr'>nomen</span> <span class='ocrx_word' id='word_1_307' title='bbox 289 2577 341 2629; x_wconf 88' lang='lat' dir='ltr'>est,</span> <span class='ocrx_word' id='word_1_308' title='bbox 352 2564 441 2616; x_wconf 79' lang='lat' dir='ltr'>Roma</span> <span class='ocrx_word' id='word_1_309' title='bbox 453 2582 550 2616; x_wconf 89' lang='lat' dir='ltr'>nomen</span> <span class='ocrx_word' id='word_1_310' title='bbox 560 2559 699 2614; x_wconf 83' lang='lat' dir='ltr'>deduxisse</span> <span class='ocrx_word' id='word_1_311' title='bbox 714 2559 857 2612; x_wconf 87' lang='lat' dir='ltr'>nonnullos</span> <span class='ocrx_word' id='word_1_312' title='bbox 869 2557 1003 2621; x_wconf 82' lang='lat' dir='ltr'>videmus;</span> <span class='ocrx_word' id='word_1_313' title='bbox 1017 2572 1046 2610; x_wconf 89' lang='lat' dir='ltr'>ut</span> <span class='ocrx_word' id='word_1_314' title='bbox 1059 2559 1125 2614; x_wconf 87' lang='lat' dir='ltr'>alios</span> <span class='ocrx_word' id='word_1_315' title='bbox 1138 2582 1154 2615; x_wconf 87' lang='lat' dir='ltr'>a</span> <span class='ocrx_word' id='word_1_316' title='bbox 1167 2564 1219 2616; x_wconf 87' lang='lat' dir='ltr'>vir-</span> 
     </span>
     <span class='ocr_line' id='line_1_30' title="bbox 182 2637 1219 2714; baseline 0.004 -22"><span class='ocrx_word' id='word_1_317' title='bbox 182 2649 236 2692; x_wconf 84' lang='lat' dir='ltr'>tute</span> <span class='ocrx_word' id='word_1_318' title='bbox 248 2661 279 2696; x_wconf 91' lang='lat' dir='ltr'>ac</span> <span class='ocrx_word' id='word_1_319' title='bbox 292 2644 380 2696; x_wconf 84' lang='lat' dir='ltr'>rubore</span> <span class='ocrx_word' id='word_1_320' title='bbox 392 2644 427 2696; x_wconf 92' lang='lat' dir='ltr'>ad</span> <span class='ocrx_word' id='word_1_321' title='bbox 442 2645 561 2696; x_wconf 73' lang='lat' dir='ltr'>Graecam</span> <span class='ocrx_word' id='word_1_322' title='bbox 571 2660 664 2694; x_wconf 80' lang='lat' dir='ltr'>vocem</span> <span class='ocrx_word' id='word_1_323' title='bbox 681 2637 764 2712; x_wconf 67' lang='grc' dir='ltr'>ῥόμιν.</span> <span class='ocrx_word' id='word_1_324' title='bbox 784 2641 920 2713; x_wconf 71' lang='lat' dir='ltr'>ignoratio</span> <span class='ocrx_word' id='word_1_325' title='bbox 932 2641 1054 2712; x_wconf 72' lang='lat' dir='ltr'>originis,</span> <span class='ocrx_word' id='word_1_326' title='bbox 1068 2659 1084 2692; x_wconf 90' lang='lat' dir='ltr'>a</span> <span class='ocrx_word' id='word_1_327' title='bbox 1098 2661 1152 2714; x_wconf 89' lang='lat' dir='ltr'>qua</span> <span class='ocrx_word' id='word_1_328' title='bbox 1169 2663 1219 2698; x_wconf 91' lang='lat' dir='ltr'>no-</span> 
     </span>
     <span class='ocr_line' id='line_1_31' title="bbox 180 2717 1219 2790; baseline 0.002 -19"><span class='ocrx_word' id='word_1_329' title='bbox 180 2739 242 2772; x_wconf 90' lang='lat' dir='ltr'>men</span> <span class='ocrx_word' id='word_1_330' title='bbox 254 2720 326 2774; x_wconf 87' lang='lat' dir='ltr'>urbis</span> <span class='ocrx_word' id='word_1_331' title='bbox 341 2721 449 2776; x_wconf 91' lang='lat' dir='ltr'>ductum</span> <span class='ocrx_word' id='word_1_332' title='bbox 461 2735 545 2788; x_wconf 88' lang='lat' dir='ltr'>esset,</span> <span class='ocrx_word' id='word_1_333' title='bbox 557 2721 695 2774; x_wconf 90' lang='lat' dir='ltr'>bominum</span> <span class='ocrx_word' id='word_1_334' title='bbox 715 2721 816 2772; x_wconf 90' lang='lat' dir='ltr'>animos</span> <span class='ocrx_word' id='word_1_335' title='bbox 833 2717 867 2772; x_wconf 92' lang='lat' dir='ltr'>ad</span> <span class='ocrx_word' id='word_1_336' title='bbox 888 2720 1055 2788; x_wconf 87' lang='lat' dir='ltr'>conjecturas</span> <span class='ocrx_word' id='word_1_337' title='bbox 1073 2727 1219 2790; x_wconf 82' lang='lat' dir='ltr'>conuertit,</span> 
     </span>
     <span class='ocr_line' id='line_1_32' title="bbox 182 2799 1218 2873; baseline -0.004 -19"><span class='ocrx_word' id='word_1_338' title='bbox 182 2821 239 2873; x_wconf 78' lang='lat' dir='ltr'>quae</span> <span class='ocrx_word' id='word_1_339' title='bbox 251 2816 345 2873; x_wconf 89' lang='lat' dir='ltr'>postca</span> <span class='ocrx_word' id='word_1_340' title='bbox 357 2805 384 2857; x_wconf 92' lang='lat' dir='ltr'>iu</span> <span class='ocrx_word' id='word_1_341' title='bbox 396 2807 561 2858; x_wconf 83' lang='lat' dir='ltr'>narrationes</span> <span class='ocrx_word' id='word_1_342' title='bbox 574 2801 703 2854; x_wconf 88' lang='lat' dir='ltr'>abierant.</span> <span class='ocrx_word' id='word_1_343' title='bbox 716 2799 796 2867; x_wconf 94' lang='lat' dir='ltr'>Quod</span> <span class='ocrx_word' id='word_1_344' title='bbox 808 2800 831 2850; x_wconf 87' lang='lat' dir='ltr'>si</span> <span class='ocrx_word' id='word_1_345' title='bbox 842 2817 933 2850; x_wconf 85' lang='lat' dir='ltr'>verum</span> <span class='ocrx_word' id='word_1_346' title='bbox 946 2810 995 2862; x_wconf 88' lang='lat' dir='ltr'>est,</span> <span class='ocrx_word' id='word_1_347' title='bbox 1007 2811 1033 2850; x_wconf 90' lang='lat' dir='ltr'>et</span> <span class='ocrx_word' id='word_1_348' title='bbox 1043 2817 1074 2850; x_wconf 81' lang='lat' dir='ltr'>ex</span> <span class='ocrx_word' id='word_1_349' title='bbox 1084 2803 1218 2872; x_wconf 85' lang='lat' dir='ltr'>antiquio-</span> 
     </span>
     <span class='ocr_line' id='line_1_33' title="bbox 182 2876 1217 2952; baseline 0.002 -20"><span class='ocrx_word' id='word_1_350' title='bbox 182 2879 255 2932; x_wconf 87' lang='lat' dir='ltr'>ribus</span> <span class='ocrx_word' id='word_1_351' title='bbox 268 2895 397 2946; x_wconf 85' lang='lat' dir='ltr'>sumtum,</span> <span class='ocrx_word' id='word_1_352' title='bbox 412 2882 484 2952; x_wconf 93' lang='lat' dir='ltr'>quod</span> <span class='ocrx_word' id='word_1_353' title='bbox 495 2883 598 2936; x_wconf 84' lang='lat' dir='ltr'>Servius</span> <span class='ocrx_word' id='word_1_354' title='bbox 609 2878 643 2934; x_wconf 91' lang='lat' dir='ltr'>ad</span> <span class='ocrx_word' id='word_1_355' title='bbox 656 2878 701 2932; x_wconf 89' lang='lat' dir='ltr'>lib.</span> <span class='ocrx_word' id='word_1_356' title='bbox 713 2879 782 2944; x_wconf 89' lang='lat' dir='ltr'>Vlll,</span> <span class='ocrx_word' id='word_1_357' title='bbox 795 2894 838 2946; x_wconf 88' lang='lat'>90,</span> <span class='ocrx_word' id='word_1_358' title='bbox 851 2890 878 2930; x_wconf 89' lang='lat' dir='ltr'>ct</span> <span class='ocrx_word' id='word_1_359' title='bbox 892 2876 955 2928; x_wconf 90' lang='lat' dir='ltr'>alihi</span> <span class='ocrx_word' id='word_1_360' title='bbox 967 2876 1059 2942; x_wconf 86' lang='lat' dir='ltr'>habat,</span> <span class='ocrx_word' id='word_1_361' title='bbox 1071 2889 1101 2927; x_wconf 93' lang='lat' dir='ltr'>ut</span> <span class='ocrx_word' id='word_1_362' title='bbox 1112 2879 1217 2934; x_wconf 83' lang='lat' dir='ltr'>Tiberis</span> 
     </span>
     <span class='ocr_line' id='line_1_34' title="bbox 182 2953 1217 3031; baseline 0 -21"><span class='ocrx_word' id='word_1_363' title='bbox 182 2961 298 3031; x_wconf 87' lang='lat' dir='ltr'>priscum</span> <span class='ocrx_word' id='word_1_364' title='bbox 308 2979 405 3011; x_wconf 91' lang='lat' dir='ltr'>nomen</span> <span class='ocrx_word' id='word_1_365' title='bbox 415 2961 518 3011; x_wconf 86' lang='lat' dir='ltr'>llumon</span> <span class='ocrx_word' id='word_1_366' title='bbox 527 2961 616 3024; x_wconf 84' lang='lat' dir='ltr'>fuerit,</span> <span class='ocrx_word' id='word_1_367' title='bbox 625 2960 722 3030; x_wconf 89' lang='lat' dir='ltr'>(neque</span> <span class='ocrx_word' id='word_1_368' title='bbox 732 2957 799 3008; x_wconf 91' lang='lat' dir='ltr'>illud</span> <span class='ocrx_word' id='word_1_369' title='bbox 808 2955 875 3008; x_wconf 87' lang='lat' dir='ltr'>adeo</span> <span class='ocrx_word' id='word_1_370' title='bbox 888 2954 1033 3007; x_wconf 87' lang='lat' dir='ltr'>abhorrens</span> <span class='ocrx_word' id='word_1_371' title='bbox 1043 2953 1077 3006; x_wconf 88' lang='lat' dir='ltr'>ab</span> <span class='ocrx_word' id='word_1_372' title='bbox 1087 2957 1217 3028; x_wconf 84' lang='lat' dir='ltr'>antiquis-</span> 
     </span>
     <span class='ocr_line' id='line_1_35' title="bbox 183 3033 1218 3112; baseline -0.006 -18"><span class='ocrx_word' id='word_1_373' title='bbox 183 3042 251 3094; x_wconf 87' lang='lat' dir='ltr'>simo</span> <span class='ocrx_word' id='word_1_374' title='bbox 264 3057 392 3112; x_wconf 87' lang='lat' dir='ltr'>aquarum</span> <span class='ocrx_word' id='word_1_375' title='bbox 404 3051 430 3090; x_wconf 89' lang='lat' dir='ltr'>et</span> <span class='ocrx_word' id='word_1_376' title='bbox 440 3039 556 3091; x_wconf 85' lang='lat' dir='ltr'>amnium</span> <span class='ocrx_word' id='word_1_377' title='bbox 568 3039 674 3088; x_wconf 89' lang='lat' dir='ltr'>nomine</span> <span class='ocrx_word' id='word_1_378' title='bbox 684 3055 732 3108; x_wconf 89' lang='lat' dir='ltr'>per</span> <span class='ocrx_word' id='word_1_379' title='bbox 742 3036 830 3088; x_wconf 87' lang='lat' dir='ltr'>Celtas</span> <span class='ocrx_word' id='word_1_380' title='bbox 843 3047 869 3087; x_wconf 89' lang='lat' dir='ltr'>et</span> <span class='ocrx_word' id='word_1_381' title='bbox 881 3035 987 3088; x_wconf 75' lang='lat' dir='ltr'>Graecos</span> <span class='ocrx_word' id='word_1_382' title='bbox 999 3033 1124 3106; x_wconf 74' lang='lat' dir='ltr'>vulgato:</span> <span class='ocrx_word' id='word_1_383' title='bbox 1139 3037 1198 3088; x_wconf 83' lang='lat' dir='ltr'>lllsn</span> <span class='ocrx_word' id='word_1_384' title='bbox 1209 3078 1218 3104; x_wconf 84' lang='lat'>,</span> 
     </span>
     <span class='ocr_line' id='line_1_36' title="bbox 183 3111 1220 3186; baseline -0.003 -13"><span class='ocrx_word' id='word_1_385' title='bbox 183 3120 256 3186; x_wconf 84' lang='lat' dir='ltr'>lllto,</span> <span class='ocrx_word' id='word_1_386' title='bbox 268 3119 344 3184; x_wconf 88' lang='lat' dir='ltr'>lihu,</span> <span class='ocrx_word' id='word_1_387' title='bbox 359 3117 446 3183; x_wconf 80' lang='lat' dir='ltr'>libia,</span> <span class='ocrx_word' id='word_1_388' title='bbox 462 3115 554 3181; x_wconf 86' lang='lat' dir='ltr'>llhiw,</span> <span class='ocrx_word' id='word_1_389' title='bbox 570 3115 637 3168; x_wconf 87' lang='lat' dir='ltr'>llhet&#39;</span> <span class='ocrx_word' id='word_1_390' title='bbox 648 3112 717 3186; x_wconf 56' lang='grc' dir='ltr'>[βίη</span> <span class='ocrx_word' id='word_1_391' title='bbox 735 3113 815 3186; x_wconf 77' lang='grc' dir='ltr'><strong>ῥόος])</strong></span> <span class='ocrx_word' id='word_1_392' title='bbox 826 3131 881 3165; x_wconf 91' lang='lat' dir='ltr'>non</span> <span class='ocrx_word' id='word_1_393' title='bbox 897 3111 1072 3184; x_wconf 86' lang='lat' dir='ltr'>improbabile</span> <span class='ocrx_word' id='word_1_394' title='bbox 1084 3114 1127 3180; x_wconf 85' lang='lat' dir='ltr'>fit,</span> <span class='ocrx_word' id='word_1_395' title='bbox 1145 3117 1220 3170; x_wconf 88' lang='lat' dir='ltr'>urhis</span> 
     </span>
     <span class='ocr_line' id='line_1_37' title="bbox 184 3193 1220 3266; baseline -0.002 -13"><span class='ocrx_word' id='word_1_396' title='bbox 184 3219 282 3256; x_wconf 88' lang='lat' dir='ltr'>nomeu</span> <span class='ocrx_word' id='word_1_397' title='bbox 293 3198 423 3252; x_wconf 90' lang='lat' dir='ltr'>allumine</span> <span class='ocrx_word' id='word_1_398' title='bbox 434 3215 490 3250; x_wconf 87' lang='lat' dir='ltr'>esse</span> <span class='ocrx_word' id='word_1_399' title='bbox 500 3196 624 3262; x_wconf 89' lang='lat' dir='ltr'>ductum,</span> <span class='ocrx_word' id='word_1_400' title='bbox 634 3208 661 3247; x_wconf 90' lang='lat' dir='ltr'>et</span> <span class='ocrx_word' id='word_1_401' title='bbox 670 3197 759 3246; x_wconf 89' lang='lat' dir='ltr'>omnia</span> <span class='ocrx_word' id='word_1_402' title='bbox 771 3193 837 3259; x_wconf 89' lang='lat' dir='ltr'>alia,</span> <span class='ocrx_word' id='word_1_403' title='bbox 851 3211 908 3266; x_wconf 78' lang='lat' dir='ltr'>qua</span> <span class='ocrx_word' id='word_1_404' title='bbox 917 3207 1071 3259; x_wconf 87' lang='lat' dir='ltr'>narrantur,</span> <span class='ocrx_word' id='word_1_405' title='bbox 1084 3213 1134 3266; x_wconf 89' lang='lat' dir='ltr'>pro</span> <span class='ocrx_word' id='word_1_406' title='bbox 1148 3216 1220 3250; x_wconf 90' lang='lat' dir='ltr'>com·</span> 
     </span>
     <span class='ocr_line' id='line_1_38' title="bbox 187 3272 747 3334; baseline -0.021 0"><span class='ocrx_word' id='word_1_407' title='bbox 187 3282 281 3334; x_wconf 89' lang='lat' dir='ltr'>mentis</span> <span class='ocrx_word' id='word_1_408' title='bbox 291 3279 420 3331; x_wconf 86' lang='lat' dir='ltr'>seriorum</span> <span class='ocrx_word' id='word_1_409' title='bbox 431 3288 537 3330; x_wconf 74' lang='lat' dir='ltr'>etatum</span> <span class='ocrx_word' id='word_1_410' title='bbox 548 3292 605 3328; x_wconf 86' lang='lat' dir='ltr'>esse</span> <span class='ocrx_word' id='word_1_411' title='bbox 613 3272 747 3326; x_wconf 88' lang='lat' dir='ltr'>habenda.</span> 
     </span>
    </p>

    <p class='ocr_par' dir='ltr' id='par_1_4' title="bbox 186 3349 1222 3669">
     <span class='ocr_line' id='line_1_39' title="bbox 221 3349 1219 3424; baseline -0.002 -14"><span class='ocrx_word' id='word_1_412' title='bbox 221 3357 272 3410; x_wconf 88' lang='lat' dir='ltr'>Sed</span> <span class='ocrx_word' id='word_1_413' title='bbox 290 3357 323 3410; x_wconf 90' lang='lat' dir='ltr'>de</span> <span class='ocrx_word' id='word_1_414' title='bbox 339 3355 380 3408; x_wconf 88' lang='lat' dir='ltr'>his</span> <span class='ocrx_word' id='word_1_415' title='bbox 396 3354 479 3407; x_wconf 90' lang='lat' dir='ltr'>nolim</span> <span class='ocrx_word' id='word_1_416' title='bbox 492 3373 553 3406; x_wconf 88' lang='lat' dir='ltr'>cum</span> <span class='ocrx_word' id='word_1_417' title='bbox 567 3370 717 3424; x_wconf 88' lang='lat' dir='ltr'>quoquam,</span> <span class='ocrx_word' id='word_1_418' title='bbox 734 3353 777 3404; x_wconf 92' lang='lat' dir='ltr'>cui</span> <span class='ocrx_word' id='word_1_419' title='bbox 796 3350 871 3404; x_wconf 84' lang='lat' dir='ltr'>aliter</span> <span class='ocrx_word' id='word_1_420' title='bbox 890 3349 1029 3416; x_wconf 87' lang='lat' dir='ltr'>videatur,</span> <span class='ocrx_word' id='word_1_421' title='bbox 1050 3352 1219 3408; x_wconf 85' lang='lat' dir='ltr'>contendere.</span> 
     </span>
     <span class='ocr_line' id='line_1_40' title="bbox 186 3433 1221 3505; baseline -0.006 -13"><span class='ocrx_word' id='word_1_422' title='bbox 186 3438 253 3492; x_wconf 82' lang='lat' dir='ltr'>Mihi</span> <span class='ocrx_word' id='word_1_423' title='bbox 265 3439 328 3490; x_wconf 88' lang='lat' dir='ltr'>satis</span> <span class='ocrx_word' id='word_1_424' title='bbox 343 3449 382 3489; x_wconf 86' lang='lat' dir='ltr'>est</span> <span class='ocrx_word' id='word_1_425' title='bbox 392 3433 507 3488; x_wconf 89' lang='lat' dir='ltr'>dilucide</span> <span class='ocrx_word' id='word_1_426' title='bbox 519 3436 581 3488; x_wconf 88' lang='lat' dir='ltr'>satis</span> <span class='ocrx_word' id='word_1_427' title='bbox 593 3435 743 3505; x_wconf 78' lang='lat' dir='ltr'>exposuisse</span> <span class='ocrx_word' id='word_1_428' title='bbox 752 3443 874 3484; x_wconf 85' lang='lat' dir='ltr'>naturam</span> <span class='ocrx_word' id='word_1_429' title='bbox 883 3444 910 3483; x_wconf 89' lang='lat' dir='ltr'>et</span> <span class='ocrx_word' id='word_1_430' title='bbox 918 3447 1024 3483; x_wconf 88' lang='lat' dir='ltr'>caussas</span> <span class='ocrx_word' id='word_1_431' title='bbox 1037 3444 1221 3503; x_wconf 87' lang='lat' dir='ltr'>corruptarum</span> 
     </span>
     <span class='ocr_line' id='line_1_41' title="bbox 186 3507 1222 3584; baseline -0.005 -15"><span class='ocrx_word' id='word_1_432' title='bbox 186 3516 337 3570; x_wconf 79' lang='lat' dir='ltr'>fabularum</span> <span class='ocrx_word' id='word_1_433' title='bbox 349 3515 444 3567; x_wconf 88' lang='lat' dir='ltr'>veteris</span> <span class='ocrx_word' id='word_1_434' title='bbox 456 3513 547 3578; x_wconf 82' lang='lat' dir='ltr'>ltaliae,</span> <span class='ocrx_word' id='word_1_435' title='bbox 559 3525 588 3564; x_wconf 90' lang='lat' dir='ltr'>ut</span> <span class='ocrx_word' id='word_1_436' title='bbox 602 3511 667 3566; x_wconf 90' lang='lat' dir='ltr'>mibi</span> <span class='ocrx_word' id='word_1_437' title='bbox 678 3515 721 3568; x_wconf 85' lang='lat' dir='ltr'>ria</span> <span class='ocrx_word' id='word_1_438' title='bbox 729 3529 759 3566; x_wconf 85' lang='lat' dir='ltr'>ao</span> <span class='ocrx_word' id='word_1_439' title='bbox 768 3513 836 3566; x_wconf 89' lang='lat' dir='ltr'>ratio</span> <span class='ocrx_word' id='word_1_440' title='bbox 847 3507 995 3584; x_wconf 78' lang='lat' dir='ltr'>expeditior</span> <span class='ocrx_word' id='word_1_441' title='bbox 1006 3511 1049 3577; x_wconf 88' lang='lat' dir='ltr'>sit,</span> <span class='ocrx_word' id='word_1_442' title='bbox 1063 3508 1098 3562; x_wconf 88' lang='lat' dir='ltr'>ad</span> <span class='ocrx_word' id='word_1_443' title='bbox 1110 3529 1151 3578; x_wconf 89' lang='lat' dir='ltr'>ea,</span> <span class='ocrx_word' id='word_1_444' title='bbox 1164 3529 1222 3582; x_wconf 79' lang='lat' dir='ltr'>que</span> 
     </span>
     <span class='ocr_line' id='line_1_42' title="bbox 188 3592 639 3669; baseline -0.009 -19"><span class='ocrx_word' id='word_1_445' title='bbox 188 3599 217 3650; x_wconf 92' lang='lat' dir='ltr'>in</span> <span class='ocrx_word' id='word_1_446' title='bbox 228 3596 398 3669; x_wconf 85' lang='lat' dir='ltr'>sequentibus</span> <span class='ocrx_word' id='word_1_447' title='bbox 409 3607 486 3650; x_wconf 86' lang='lat' dir='ltr'>erant</span> <span class='ocrx_word' id='word_1_448' title='bbox 499 3592 639 3648; x_wconf 88' lang='lat' dir='ltr'>tradenda.</span> 
     </span>
    </p>
   </div>
   <div class='ocr_carea' id='block_1_3' title="bbox 0 0 1502 4696">
    <p class='ocr_par' dir='ltr' id='par_1_5' title="bbox 0 0 1502 4696">
     <span class='ocr_line' id='line_1_43' title="bbox 0 0 1502 4696; baseline 0 0"><span class='ocrx_word' id='word_1_449' title='bbox 0 0 1502 4696; x_wconf 95' lang='lat' dir='ltr'> </span> 
     </span>
    </p>
   </div>
  </div>
 </body>
</html>
