2956 4680
393 351 628 418 nnntnos
651 351 804 414 utens
828 352 936 416 vrit.
1122 355 1183 440 459

139 478 279 543 Fecerat
296 474 577 565 ignipotenssillic
589 495 693 561 genus
705 495 804 538 omne
816 473 936 539 futurae

137 582 259 671 Stirpis
271 581 312 646 ab
325 581 481 662 Ascanio,
491 595 703 669 pugnataque
715 579 750 643 in
761 577 878 644 ordine
890 578 994 644 bella:

137 691 279 754 Fecerat
290 704 324 752 et
334 685 431 752 viridi
443 687 544 751 fetam
557 685 715 750 Mavortis
727 685 761 748 in
773 701 868 750 antro

137 793 360 860 Procubuisse
372 792 489 890 lupam·
497 816 503 855 :
517 791 666 880 geminos
678 789 756 857 huic
769 791 871 856 ubera
882 791 1006 856 circum
1078 783 1084 794 '

139 899 276 965 Ludere
288 897 464 989 pendentis
476 920 612 986 pueros,
626 913 660 962 et
671 896 816 962 lambere
828 913 966 961 matrem

139 1003 336 1094 inpavidos,
350 1004 439 1069 illam
451 1004 547 1068 tereti
559 1003 687 1070 cervice
699 1002 854 1068 reflexam

138 1111 291 1175 Mulcere
304 1110 462 1188 alternos,
477 1126 510 1174 et
522 1131 661 1197 corpora
672 1107 797 1196 fingere
809 1109 930 1198 lingua.
995 1113 999 1126 '
1204 1183 1211 1196 ι

138 1217 211 1281 Nec
222 1216 339 1305 procul
351 1214 429 1280 binc
441 1217 594 1294 Romam,
609 1231 642 1278 et
654 1230 761 1302 raptas
774 1214 844 1278 sine
857 1236 949 1279 more
961 1213 1095 1280 Sabinas
1140 1225 1184 1273 635

138 1325 305 1387 Consessu
317 1343 438 1400 caveae,
452 1321 581 1408 magnis
591 1319 799 1384 Circensibus
812 1321 907 1400 actis,

140 1425 335 1506 Addiderat,
349 1424 526 1514 subitoque
538 1447 663 1488 novum
675 1447 874 1512 consurgere
886 1424 1012 1489 bellum

140 1531 342 1612 Romulidis,
354 1531 518 1620 Tatioque
531 1531 615 1610 seni,
630 1529 840 1620 Curibusque
852 1531 985 1595 severis.

138 1707 249 1772 praedicta
266 1721 289 1754 et
305 1708 416 1770 promissa
434 1719 500 1753 erant
516 1708 592 1754 AEnese
607 1707 705 1770 ejusque
717 1707 854 1770 posteritati.
867 1709 956 1770 iqnoros
969 1706 1017 1752 duo
1029 1705 1077 1752 alii.
1089 1731 1120 1743 -
1130 1706 1184 1754 628.

137 1797 210 1846 qenes
221 1797 285 1828 omne
294 1782 400 1828 lndnum
411 1780 453 1826 Ed.
463 1781 539 1836 Ven.;
555 1782 650 1836 inseite,
663 1781 728 1826 addit
737 1773 829 1835 Boion,
842 1795 869 1826 ex
879 1779 940 1826 libro
950 1781 971 1836 l,
988 1779 1003 1826 6
1013 1782 1145 1843 repetitum.
1154 1806 1186 1816 -

138 1853 194 1914 629.
203 1855 224 1895 in
233 1851 296 1896 abest
304 1851 386 1896 Frena.
394 1859 493 1914 pnqnoto
501 1864 530 1896 ex
536 1849 614 1896 ordine
621 1849 719 1895 Oudart.
724 1852 878 1914 pnqnente'qne
885 1849 1079 1896 ordinelllontalb.
1086 1865 1187 1914 puqnnn·

140 1923 194 1984 ὕας.
207 1918 275 1965 Goth.
286 1935 331 1965 sec.
341 1943 372 1954 -
381 1919 436 1980 6²9.
446 1919 499 1965 630.
515 1920 595 1978 Quid?
604 1921 623 1965 si
641 1919 768 1982 distinguas
780 1936 785 1964 :
798 1919 843 1964 sllic
857 1935 929 1983 qenns
936 1937 957 1966 o.
967 1946 999 1956 -
1008 1919 1066 1966 tetta
1076 1921 1168 1966 l'ecemt
1178 1937 1185 1965 .·

139 2000 164 2035 et
171 2007 194 2035 v.
203 2013 234 2026 -
243 1989 296 2036 630.
301 1988 378 2052 feram
388 1988 458 2034 Goth.
471 2005 517 2035 sec.
530 1989 643 2052 esseron.
653 2014 685 2024 -
694 1989 747 2034 631.
755 1993 898 2054 geminosque
906 1992 987 2036 Franc.
1002 2005 1055 2035 cum
1064 1989 1119 2035 edd.
1129 2005 1187 2035 non·

140 2059 220 2106 nullis.
231 2085 262 2095 -
273 2058 327 2105 632.
344 2059 465 2121 pendentes
477 2058 542 2105 oculo
553 2059 623 2105 Goth.
635 2074 682 2104 sec.
693 2084 725 2094 -
736 2058 790 2104 633.
809 2059 893 2119 reflexo
908 2059 974 2104 Rern.
987 2059 1047 2104 Gud.
1061 2069 1084 2104 et
1095 2057 1186 2121 aliquot

139 2129 181 2175 alii
195 2146 236 2195 ap.
256 2129 335 2176 lleins.
347 2143 400 2174 cum
412 2129 493 2174 Franc.
507 2129 559 2173 Non
572 2127 666 2190 expedit
679 2143 728 2174 rem
740 2127 819 2172 burm.
831 2125 924 2173 Scilicet
935 2127 1061 2172 dicendum
1074 2139 1124 2173 est:
1136 2141 1185 2173 csse

139 2200 202 2246 banc
213 2199 331 2261 vulgarem
337 2232 344 2254 ,
358 2201 443 2244 cervice
454 2199 537 2260 reflexo
548 2199 601 2256 (etsi
612 2209 635 2244 et
644 2198 715 2259 ipsam
725 2209 794 2258 poeta
807 2195 901 2260 dignam
911 2209 934 2242 et
943 2196 1042 2258 Virgilio
1053 2197 1186 2258 frequenta·

139 2282 199 2326 tam;
214 2270 246 2315 sic
259 2273 327 2315 etiam
338 2270 501 2315 Lucretianum
514 2270 579 2314 tereti
585 2271 671 2314 cervice
682 2269 793 2330 reposto),
808 2265 902 2312 alteram
913 2279 989 2312 tamen
1000 2267 1028 2311 nd
1038 2268 1083 2310 rim
1096 2267 1185 2328 epicam

140 2353 297 2402 ornatumque
309 2341 380 2402 magis
392 2351 548 2402 assurgentem
564 2337 702 2394 lectionem,
716 2341 801 2384 cenasse
813 2337 926 2399 reflexam.
939 2361 969 2372 -
981 2335 1034 2392 634.
1048 2333 1129 2399 liupere
1141 2333 1184 2380 ali·

140 2425 199 2476 quot
211 2413 271 2458 Picr.
285 2427 338 2457 curn
350 2411 418 2457 Gotlr.
433 2423 500 2467 tert,
512 2411 576 2475 quod
587 2411 692 2457 Catroem
704 2411 820 2465 venditam
834 2425 881 2456 non
892 2407 1089 2462 animadvertens,
1099 2423 1123 2454 te
1134 2407 1185 2470 ple-

139 2485 217 2530 beium
230 2482 368 2529 vocabulum
378 2483 494 2530 anteferre
502 2482 647 2546 elegantiori.
659 2507 690 2518 -
701 2481 754 2529 635.
765 2482 792 2528 de
802 2496 862 2527 more
871 2497 914 2544 pro
924 2481 985 2527 ferre
995 2477 1121 2526 nonnullos
1130 2481 1185 2525 l‘ie-

139 2559 188 2601 rius
205 2554 319 2601 observat.
337 2557 385 2600 sine
403 2557 479 2601 Marte
497 2557 618 2617 ingenioso
629 2553 682 2600 lusu
694 2557 756 2617 conj.
774 2557 811 2601 lo.
830 2554 952 2601 Schrader.
964 2579 996 2589 -
1007 2552 1060 2597 636.
1073 2553 1184 2600 Concessa

140 2627 224 2688 passim
236 2627 261 2671 in
272 2625 335 2671 Pier.
347 2639 371 2672 et
382 2627 461 2672 llurm.
474 2641 585 2672 comesus
603 2627 670 2672 llom.
681 2649 713 2662 -
727 2625 780 2690 637.
793 2625 935 2672 Addiderunt
951 2622 994 2669 Ed.
1011 2623 1076 2669 lunt.
1088 2648 1118 2659 -
1130 2621 1184 2670 638.

141 2795 178 2829 res
189 2777 268 2828 Italos
274 2815 282 2842 ,
302 2777 531 2851 Romanorumque
543 2777 636 2830 trium·
684 2777 783 2832 Corda:
793 2780 900 2831 obvium
909 2775 975 2828 illud
985 2777 1012 2828 in
1022 2775 1108 2828 nuruis
1118 2773 1182 2843 (rid-

139 2855 203 2926 plsos
212 2856 318 2905 Fecerat
325 2855 483 2926 iqnipotens;
493 2855 637 2928 illioqenus
684 2857 792 2909 Eclrhel.
800 2857 862 2908 Vol.
870 2859 914 2907 vt.
925 2876 951 2927 p.
961 2855 1020 2924 31.)
1029 2867 1055 2907 et
1064 2857 1182 2925 gemmis.

141 2951 216 2986 omne
228 2932 326 2996 fntnroe
343 2933 437 3003 Stirpis
451 2936 484 2986 ab
502 2935 635 2998 Ascanio,
720 2935 878 3002 635-641.
888 2935 944 2987 sine
952 2951 1038 2996 more,
1049 2934 1105 2984 sine
1114 2931 1183 3003 lege,

135 3021 305 3082 perquamque
318 3011 345 3062 in
358 3012 448 3064 ordine
463 3011 543 3075 bello3
557 3013 636 3066 adeo·
686 3011 805 3078 ὰέσμας,
821 3014 1011 3084 incomposite,
1027 3025 1131 3064 temere·
1148 3013 1183 3064 cf.

141 3110 191 3162 que
202 3109 307 3142 omneru
323 3091 458 3142 historiam
470 3093 544 3163 regni
556 3091 637 3144 Alba·
684 3093 723 3157 V,
735 3093 796 3162 694.
806 3094 867 3157 Vll,
878 3092 938 3161 377.
948 3091 1034 3142 Etiam
1043 3090 1129 3142 Julius
1139 3089 1184 3142 Sa·

141 3173 174 3220 ni.
187 3169 270 3220 Hand
280 3179 369 3219 vetum
380 3170 486 3241 iqnartts
497 3169 523 3222 b.
535 3190 558 3222 e.
572 3189 638 3240 pre·
685 3171 763 3223 binus
780 3171 893 3242 explicat
904 3193 911 3222 s
922 3169 978 3222 sine
997 3168 1136 3222 honestate.
1148 3199 1184 3208 —

142 3248 299 3313 dictionum,
315 3265 381 3318 quas
394 3267 410 3300 a
423 3248 527 3300 vatibus
540 3251 636 3302 AEneas
682 3251 746 3304 636.
759 3269 865 3304 caveam
875 3289 884 3316 ,
896 3251 923 3303 lr.
943 3251 960 3302 l.
981 3252 1008 3301 in
1023 3251 1095 3302 circo
1107 3249 1181 3302 dixit.

141 3339 287 3396 acceperat.
297 3353 333 3366 -
344 3327 405 3380 630.
419 3327 523 3378 Fecerat
535 3337 578 3391 et,
596 3330 637 3380 in·
684 3349 792 3404 mnqnos
806 3332 932 3384 Circenses
945 3329 1020 3382 ludos
1033 3329 1111 3395 dixit,
1124 3348 1183 3400 quta

140 3420 179 3458 ter
194 3419 296 3472 cetera,
315 3423 373 3476 que
392 3419 473 3476 poeta
489 3425 636 3462 memorare
686 3411 760 3462 Livio
770 3424 796 3464 et
806 3410 864 3463 aliis
874 3409 1018 3462 Consualia
1027 3410 1184 3480 sunt,llep·

140 3504 192 3538 non
212 3484 278 3536 vult.
299 3484 348 3537 llla
368 3484 401 3538 de
423 3487 501 3557 Lupa
520 3485 637 3540 lactante
685 3488 1184 3560 tunoequestrieelebrate,fortequod

141 3566 278 3620 Romulum
288 3578 314 3620 et
324 3567 435 3618 Remum
442 3585 552 3638 pueros,
563 3587 637 3641 egre·
685 3570 714 3621 in
725 3568 822 3622 horum
834 3569 923 3621 locum
934 3581 1116 3621 successerunt
1127 3567 1183 3620 Cir·

141 3648 215 3718 gicet
226 3645 638 3718 vividisimaginibussuavibus·
686 3665 787 3702 censes.
799 3648 902 3718 -637.
925 3647 1040 3699 Mutavit
1064 3659 1182 3700 structu·

142 3743 190 3797 que
202 3726 339 3778 sententiis
351 3737 413 3776 sunt
421 3737 529 3778 narrata
541 3745 567 3778 r.
585 3727 637 3782 630
685 3745 758 3780 rans:
770 3726 880 3778 Romam
889 3725 1030 3778 etSobinas
1037 3725 1182 3793 addiderat,

141 3833 172 3846 -
181 3805 246 3870 634,
258 3816 288 3855 ut
299 3803 377 3854 toties
385 3804 414 3853 in
423 3806 509 3855 nunris
518 3815 545 3858 et
554 3807 635 3878 signis
686 3807 829 3878 subitoque
840 3823 991 3877 consumere
1006 3803 1103 3857 bellum
1110 3845 1119 3873 ,
1132 3818 1181 3879 pro

141 3897 256 3936 veterum
275 3882 387 3954 aliisque
406 3883 637 3953 operibusoccur·
685 3904 847 3958 consurgens
870 3885 983 3951 bellum,
1007 3883 1033 3937 lt.
1058 3905 1081 3938 e.
1110 3887 1181 3939 unde

140 3979 205 4018 runt.
214 3963 291 4034 seta,
306 3965 401 4030 enixa,
414 3977 445 4014 ut
456 3963 529 4018 alibi.
541 3965 636 4018 Martis
684 3965 784 4020 bellum
795 3977 973 4038 consurgeret.
988 3994 1022 4004 -
1034 3963 1094 4018 638.
1108 3967 1181 4018 Curi-

140 4054 241 4096 sntrnm
265 4041 340 4096 inulti
361 4057 533 4100 memorante
560 4047 634 4101 conl.
685 4046 730 4102 bns
743 4045 849 4115 severis,
867 4044 903 4098 ad
924 4044 1082 4100 Sabinorum
1101 4045 1180 4100 disci-
