3028 4682
527 385 589 450 tn
613 382 814 447 mertun
836 381 899 446 vt.
1176 385 1239 471 249

648 583 789 598 w

462 697 828 790 EXCURSUS
864 699 971 786 XV.

593 891 701 956 Ponte
718 885 841 956 Somni.

233 1051 282 1119 vl,
293 1051 352 1122 894.
366 1048 433 1104 Sunt
441 1050 554 1122 peminoe
564 1049 657 1102 Somni
668 1061 751 1122 porte
765 1064 815 1103 ete.
826 1049 915 1117 Quum
925 1067 979 1102 non
991 1049 1070 1102 facile
1082 1049 1175 1104 eedem
1186 1053 1242 1118 via,

198 1153 250 1206 que
269 1133 302 1185 ed
320 1134 420 1186 inferos
436 1131 595 1194 deduxerat,
609 1130 740 1184 seducere
756 1132 865 1184 AEnenm
882 1142 964 1200 poeta
982 1145 1086 1202 posset,
1105 1132 1242 1204 ingeniose

197 1216 260 1266 satis
270 1216 367 1266 exitum
379 1214 478 1283 reperit
488 1229 535 1282 per
542 1221 631 1282 portos
639 1211 732 1262 Somni
739 1248 748 1275 ,
761 1209 813 1262 hoe
824 1224 879 1274 est,
890 1211 1057 1263 Somniorum
1070 1213 1097 1262 in
1107 1225 1171 1263 noto
1182 1213 1243 1264 loco

197 1295 306 1346 Homeri
317 1294 412 1366 Odyss.
427 1314 455 1352 r,
469 1291 518 1344 562
533 1309 590 1361 sqq.
605 1289 737 1360 Penelope
750 1290 786 1341 ihi
798 1293 902 1344 somnia
916 1289 1060 1343 admodum
1074 1291 1184 1344 diverse
1195 1311 1244 1376 usp

197 1359 262 1424 titre
281 1391 338 1424 esse
360 1371 532 1442 pronuntiet,
547 1369 600 1422 alie
614 1387 674 1420 vere
686 1371 757 1420 exire
774 1388 823 1439 per
839 1379 944 1439 portem
955 1386 1097 1434 corneum,
1113 1369 1244 1440 eliafelsn

196 1469 245 1521 per
258 1451 399 1502 eburneam
415 1470 422 1498 :
442 1445 507 1500 nerei
518 1444 565 1517 peip
576 1467 602 1498 rt
619 1443 694 1498 nitet
706 1447 820 1512 ἑμιιιιόν
832 1447 963 1519 (levium)
976 1447 1029 1500 rien
1042 1447 1144 1516 irripere·
1157 1445 1185 1498 ni
1200 1449 1244 1512 μὶν

195 1525 242 1598 yip
265 1529 368 1598 etpriteer
386 1525 542 1593 eastimet,
562 1526 588 1578 ei
607 1527 632 1576 θ’
650 1523 766 1592 inientes.
789 1528 837 1580 Tn‘t
861 1523 880 1577 ti
893 1523 936 1592 ,uir
954 1527 974 1576 κ’
990 1527 1076 1578 inum·
1090 1529 1132 1580 itit
1146 1529 1246 1596 πριστοῦ

205 1607 316 1675 tieem:
328 1610 392 1680 (per
403 1610 475 1661 fores
491 1627 521 1660 ex
535 1608 620 1660 sectili
634 1608 716 1660 ebore
730 1608 848 1678 factes),
858 1605 877 1658 oi
889 1607 914 1656 θ’
925 1608 1100 1676 ι’λιφιίροηω,
1115 1608 1163 1660 ieri
1175 1607 1241 1678 (rem

196 1689 265 1742 male
279 1690 393 1743 reddunt
411 1689 500 1754 verba,
518 1703 548 1740 ut
564 1690 710 1740 innumeris
727 1688 836 1740 Homeri
849 1687 934 1758 loeis)
946 1685 1069 1756 inpiam
1078 1686 1179 1755 φέροντες
1191 1686 1244 1756 (ita

194 1769 361 1836 declaratur,
372 1769 437 1842 quid
449 1771 502 1822 aiut
509 1767 583 1839 falso
598 1769 717 1840 somnia)
727 1789 735 1816 .·
747 1765 777 1820 Oi
791 1765 817 1819 ii
834 1766 877 1820 inl
887 1769 974 1834 finiit
986 1765 1071 1837 erpuini
1079 1769 1121 1839 (h.
1137 1787 1159 1820 e.
1171 1769 1242 1822 fores

195 1867 225 1900 ex
235 1848 319 1902 sectili
330 1868 415 1902 corun
429 1848 531 1919 factet)
541 1848 630 1898 imbuet
642 1847 747 1916 θύμξι,
760 1846 794 1898 Oi
803 1847 821 1915 ῥ’
834 1848 910 1912 irene
921 1848 1036 1916 npeireeer
1046 1847 1089 1917 (h.
1103 1849 1242 1914 eferunt,

195 1930 319 1979 nuntiant
329 1947 386 1995 res,
397 1946 454 1998 que
465 1945 526 1978 vere
539 1938 661 1979 eventurn
672 1939 751 1979 eruut
759 1926 905 1998 habiture)
916 1929 1002 1995 emm
1015 1924 1052 1980 iet
1063 1923 1099 1980 nir
1110 1949 1145 1983 mr
1154 1925 1242 1981 ἴδηαι,

195 2006 355 2060 Phantasma
362 2007 414 2058 hoe
419 2006 524 2076 forium
537 2008 707 2058 eburneomm
718 2020 743 2057 et
752 2023 907 2058 corneorum
918 2007 1027 2060 ductum
1037 2007 1111 2059 baud
1121 2007 1201 2061 dubie
1211 2025 1259 2062 ex.

196 2088 284 2155 prisea
296 2087 365 2151 vite,
382 2098 408 2137 et
422 2085 560 2136 bominum
572 2102 694 2136 sermone
705 2104 753 2154 per
764 2103 852 2137 rerum
865 2085 1083 2138 adumbrationes
1093 2087 1241 2158 explicato,

199 2181 252 2232 quo
264 2165 343 2217 etiam
356 2162 520 2234 sapientibus
533 2175 590 2214 eret
602 2161 745 2228 utendum,
760 2176 788 2213 ut
802 2162 954 2236 symbolicis
966 2183 1054 2216 rerum
1068 2165 1244 2217 assimulatio-

196 2241 276 2292 nibus
292 2244 440 2294 animorum
452 2257 530 2292 sensa
541 2253 720 2310 exponerent,
735 2259 823 2292 rerum
837 2241 1010 2294 similitudine
1027 2243 1115 2312 eliqua
1131 2243 1174 2294 rel
1186 2245 1244 2294 eni-

197 2321 346 2386 matlversa,
354 2321 396 2374 vel
410 2322 566 2392 excogitata.
580 2319 609 2370 ln
620 2318 712 2370 endem
722 2318 766 2371 illa
778 2320 867 2390 prisea
877 2321 932 2372 vita
941 2321 1030 2372 eboris
1044 2333 1070 2373 et
1081 2339 1165 2373 cornu
1179 2339 1242 2373 usus
1264 2337 1266 2342 ·

177 2465 180 2472 Ι
196 2414 254 2454 erat
263 2401 394 2454 celebrior
404 2419 484 2471 quam
494 2397 665 2470 sequentibus
676 2399 854 2470 temporibus;
865 2400 956 2470 itaque
963 2400 1035 2451 iores
1045 2417 1153 2472 quoque
1161 2400 1243 2454 ebore

196 2479 239 2534 vel
260 2501 345 2534 cornu
363 2480 517 2534 induebant.
539 2479 578 2532 De
599 2481 702 2532 ratione
720 2478 838 2549 ejusdem
858 2471 947 2532 eboris
960 2487 986 2532 et
1003 2499 1088 2533 cornu
1102 2479 1137 2533 ed
1149 2496 1241 2552 portas

178 2562 286 2636 ‘Somni
299 2563 420 2615 translati
432 2563 506 2613 veria
517 2573 579 2613 sunt
588 2557 712 2612 veterum
719 2575 745 2612 et
760 2562 938 2612 recentiorum
950 2563 1125 2633 interpretum
1137 2563 1172 2616 etl
1184 2565 1242 2614 llo·

196 2646 323 2698 mericum
340 2657 367 2696 et
377 2642 552 2714 Virgilinnum
569 2641 657 2694 locum
672 2642 784 2702 somnia.
796 2641 971 2692 verisimilior
983 2660 1014 2693 ex
1030 2645 1062 2694 iis
1079 2643 1149 2694 forte
1161 2645 1243 2696 inter·

194 2726 310 2794 pretatio
321 2737 361 2777 est
376 2725 449 2789 beo,
462 2721 601 2793 (apposite
616 2740 722 2794 quoque
735 2741 750 2774 n
764 2721 904 2774 Maerobio
918 2720 953 2774 ed
966 2724 1010 2776 So.
1025 2722 1066 2775 Se.
1077 2723 1156 2796 1‚3.)
1172 2725 1243 2796 qnod

196 2805 277 2869 ebur,
293 2805 341 2856 etsi
359 2805 470 2856 candore
486 2821 532 2854 suo
548 2801 632 2854 lucem
647 2802 796 2873 promittit,
811 2812 898 2853 tannen
912 2820 965 2854 non
980 2803 1132 2855 transmittit
1143 2803 1243 2868 visum,

195 2882 494 2956 edeoqnefellit‚comu
503 2892 594 2932 eontra
602 2879 767 2951 pellucidum
777 2894 820 2933 est.
830 2881 854 2932 N
857 2882 902 2932 olo
912 2883 982 2933 enim
995 2883 1140 2954 suspicioni
1152 2881 1242 2934 locum

195 2960 277 3024 dare,
290 2962 316 3012 in
332 2979 426 3030 quem,
438 2961 541 3023 fateor,
553 2958 651 3023 incidi,
664 2973 749 3010 totum
760 2959 813 3010 boe
832 2974 1010 3012 commentum
1025 2961 1137 3030 petitum
1154 2978 1210 3013 esse
1226 2980 1242 3013 a

193 3037 253 3090 lusu
270 3039 413 3090 verborum
424 3060 430 3088 :
443 3049 506 3090 snut
524 3037 615 3104 inipn,
636 3056 750 3107 quornm
771 3051 811 3088 est
826 3035 853 3090 ri
873 3039 1058 3107 itreeipteber,
1080 3040 1171 3108 itaque
1192 3057 1246 3091 re·

195 3117 271 3168 niuut
282 3113 323 3168 bai
336 3112 473 3182 inipetmm
487 3115 532 3167 alii
546 3129 624 3181 sunt,
637 3119 682 3186 qui
692 3117 820 3184 meliton,
834 3119 905 3188 iique
916 3119 1025 3170 veniunt
1035 3113 1078 3167 bel
1087 3111 1181 3184 erpuini.

230 3198 301 3248 Usus
311 3208 352 3248 est
362 3195 405 3246 his
416 3195 584 3247 Somniorum
592 3197 675 3266 portis
683 3197 810 3266 Virgilius
817 3197 852 3248 nd
857 3197 1046 3250 dimittendum
1058 3215 1089 3248 ex
1097 3195 1239 3249 iuferishe·

197 3293 272 3328 roem
290 3293 385 3340 suum,
401 3286 533 3344 quatenus
547 3273 660 3324 Somniis
673 3276 700 3326 in
719 3275 813 3326 iisdem
828 3277 920 3328 inferis
939 3277 1006 3328 locis
1020 3275 1096 3326 sedes
1113 3291 1162 3327 sun
1176 3277 1241 3327 atsi·

196 3369 278 3428 gnata
292 3369 339 3408 est.
354 3355 408 3407 vid.
421 3355 485 3405 Not.
501 3353 535 3406 ed
549 3353 576 3405 b.
592 3372 616 3404 r.
630 3367 656 3406 et
676 3374 757 3425 supro
777 3355 811 3406 nd
833 3357 891 3410 282.
904 3356 986 3423 Quod
1000 3359 1154 3421 inventum,
1168 3357 1191 3407 si
1207 3375 1239 3408 ex

197 3439 279 3489 animi
300 3437 430 3488 sententie
449 3433 591 3486 dicendum
605 3446 660 3499 est,
675 3437 784 3486 omuino
805 3453 901 3506 parum
918 3436 982 3487 felin
996 3449 1023 3486 et
1043 3435 1169 3486 idoneum
1183 3453 1240 3488 esse

195 3515 302 3568 videtur
313 3551 321 3580 ‚
332 3534 414 3587 quum
426 3533 460 3568 ue
475 3512 510 3566 ed
522 3513 666 3585 mythicam
681 3514 788 3586 quidem
801 3515 854 3566 veri
868 3515 1084 3585 probabilitatem
1096 3513 1244 3585 quidquam

196 3598 224 3647 in
238 3613 270 3647 eo
284 3597 328 3658 sit,
341 3607 370 3646 ut
382 3597 478 3648 AEneas
490 3613 550 3646 eum
558 3593 657 3666 Sibylla
671 3595 764 3648 endem
776 3597 820 3647 via
830 3608 943 3648 exeatex
952 3596 1059 3659 inferis,
1072 3613 1125 3664 qua
1133 3596 1242 3648 Somnia

197 3677 312 3728 evolant.
327 3675 440 3728 feticius
458 3674 570 3727 Ovidius
586 3677 650 3728 Met.
662 3677 738 3741 xlv,
757 3693 806 3728 120
815 3714 824 3742 ,
837 3677 884 3728 ubi
897 3675 924 3728 lr.
940 3677 958 3728 l.
974 3677 1118 3746 expressit,
1130 3677 1240 3728 AEneam

195 3775 287 3812 eversa
299 3772 378 3828 porta
386 3755 540 3809 redeuntem
552 3757 688 3828 prodidit:
700 3757 765 3808 Inde
771 3755 945 3828 serensinssos
956 3773 1044 3809 everso
1056 3756 1162 3808 cardine
1169 3773 1240 3828 pres·

194 3855 243 3890 sus.
267 3838 374 3889 Ferrem
393 3847 496 3901 tamen,
518 3837 540 3886 si
560 3838 624 3888 satis
638 3835 792 3902 habuisset,
813 3855 862 3908 per
882 3835 972 3888 Somni
995 3845 1086 3906 portes
1107 3835 1235 3886 emittere.

194 3916 353 3981 Enimvero,
367 3913 431 3968 dum
447 3918 584 3968 exornavit
603 3929 782 3969 commentum
795 3935 888 3982 suurn,
904 3935 936 3970 ea
951 3913 1063 3984 adjecit,
1078 3913 1175 3984 quibus
1190 3931 1238 3968 sus

194 4000 285 4050 vineta
296 3999 353 4069 ipse
367 3995 494 4050 cecidisse
506 3993 636 4048 dicendus
650 3999 853 4072 ettaeostquam
866 3998 936 4048 enim
946 3995 1064 4049 eburnea
1075 4009 1155 4064 porta
1169 3995 1239 4046 falsu

194 4080 263 4132 exire
276 4080 379 4134 tomuie
400 4077 482 4146 dixit,
495 4077 601 4149 subjicit
617 4101 623 4130 ι
637 4079 746 4133 Eneam
766 4097 825 4131 enm
845 4077 944 4150 Sibylla
959 4077 992 4130 ab
1006 4075 1121 4128 Anchise
1142 4073 1237 4128 eadem
