3022 4682
278 437 336 516 uu
512 436 546 496 r.
570 431 801 497 vracrnu
825 430 1054 495 orlnorus

273 560 298 620 F
300 558 423 620 ulmine
436 555 569 646 dejecti,
583 555 688 619 fundo
700 553 880 618 volvuntur
891 554 925 616 in
938 554 1015 617 imo.

273 667 336 728 Hie
349 682 380 728 et
392 662 523 729 Aloidas
536 665 699 752 geminos,
714 663 855 726 inmania
868 662 936 725 vidi

272 771 435 857 Corpora:
449 771 506 859 qui
519 769 669 833 manibus
681 791 836 855 magnum
849 765 1036 831 rescindere
1048 765 1164 830 caelum

271 875 436 963 Adgressi‚
451 875 645 964 superisque
657 876 775 938 lovem
789 871 965 937 detrudere
978 872 1096 958 regnis

270 979 346 1044 Vidi
360 997 392 1044 et
404 979 545 1045 crudelis
559 980 691 1044 dantem
704 981 876 1044 Salmonea
888 1001 1016 1067 poenas,

269 1090 355 1151 Dum
370 1086 514 1150 llamrnas
526 1087 617 1150 lovis
630 1103 662 1149 et
674 1087 801 1150 sonitus
813 1087 959 1148 imitatur
970 1082 1101 1172 Olympi
1114 1106 1120 1144 :

268 1195 417 1274 Quatuor
428 1191 481 1256 hic
494 1192 641 1256 invectus
655 1193 764 1281 equis,
780 1210 812 1256 et
824 1190 974 1280 lampada
988 1212 1158 1279 quassam,

267 1302 331 1363 Per
341 1301 476 1363 Graium
489 1298 629 1386 populos
643 1297 827 1387 mediaeque
839 1321 900 1386 per
911 1286 1014 1361 Elidis
1030 1295 1146 1360 urbem

268 1405 340 1468 lbat
353 1426 467 1484 ovans,
482 1401 661 1492 divomque
674 1403 735 1466 sibi
748 1403 904 1498 poscebat
915 1401 1092 1480 honorem,

268 1513 426 1574 Demens!
441 1511 498 1598 qui
511 1507 655 1588 nimbos,
671 1526 703 1572 et
715 1531 782 1573 non
796 1507 954 1572 imitabile
967 1507 1108 1585 fulmen,
1266 1519 1309 1578 590

268 1661 299 1707 les
317 1663 381 1706 llom.
394 1661 454 1705 Ven.
466 1660 570 1705 Parrhas.
584 1658 652 1704 Goth.
670 1674 716 1704 sec.
728 1673 751 1704 et
762 1675 806 1722 pro
817 1676 865 1706 rar.
879 1658 932 1704 lect.
946 1659 971 1702 in
990 1658 1066 1712 oud„
1077 1657 1177 1703 sollenni
1190 1657 1308 1702 varietate.

266 1759 297 1769 —
307 1733 359 1778 581.
372 1733 481 1793 dejectum
493 1731 529 1776 cd.
542 1732 602 1775 Ven.
615 1731 694 1792 dejecit
703 1730 864 1776 nom—586.
872 1728 991 1790 flamarum
999 1729 1059 1775 Gnd.
1073 1744 1095 1775 et
1109 1729 1205 1775 blensel.
1216 1732 1310 1774 mnibus

267 1803 356 1865 aliquot
366 1802 444 1847 lleins.
458 1817 510 1846 curn
523 1802 583 1855 Ere,
596 1817 624 1845 ex
638 1803 759 1862 interpret.
774 1805 857 1846 tonitru
868 1799 938 1846 Goth.
954 1814 1007 1846 tert.
1018 1825 1050 1836 -
1062 1798 1113 1846 588.
1126 1800 1242 1862 mediamq.
1255 1799 1311 1843 hle-

266 1891 318 1936 nag.
327 1891 362 1936 pr·
371 1872 486 1929 bene,setl
494 1872 591 1918 alterum
601 1872 699 1919 doctius.
710 1873 803 1936 medioq.
812 1875 893 1918 Franc.
901 1872 978 1918 urbem
985 1874 1056 1918 miror
1064 1889 1076 1918 a
1084 1875 1177 1918 nemine
1185 1887 1234 1917 csse
1243 1869 1310 1916 solli·

266 1949 370 1991 citatam:
379 1961 429 2007 qua·
437 1947 498 1990 enim
509 1945 547 1990 illa
556 1945 611 1990 urbs
619 1943 701 1989 Elidis?
710 1961 762 2008 qna·
769 1945 870 1991 heroicis
878 1943 1022 2006 temporibus
1029 1959 1072 1989 nec
1081 1945 1160 1989 urbem
1170 1959 1198 1989 eo
1205 1945 1309 1998 nomine,

266 2031 310 2061 nec
320 2017 389 2062 urhcs
401 2017 496 2060 omnino
505 2013 601 2070 habuit,
614 2014 655 2060 sed
664 2017 742 2070 vicos,
760 2014 834 2060 multo
844 2029 895 2077 post
910 2017 933 2060 in
942 2014 1031 2060 Elidem
1044 2015 1123 2060 urbem
1139 2027 1269 2058 contractos
1276 2015 1308 2070 (v.

266 2085 347 2130 Strabo
359 2085 425 2138 Vlll,
440 2101 463 2146 p.
477 2083 522 2128 336
532 2085 560 2127 Ι).
571 2084 594 2140 );
607 2084 676 2130 urbes
687 2097 766 2130 autem
777 2100 824 2129 non
835 2087 878 2132 nisi
891 2087 973 2130 scrius.
986 2085 1008 2128 si
1021 2100 1064 2146 per
1073 2083 1191 2144 prolepsin
1208 2081 1310 2136 dictum,

266 2155 442 2216 accipiendum:
452 2171 494 2216 per
504 2154 604 2200 mediam
614 2156 696 2201 urbem
705 2155 803 2202 Elidem.
814 2157 901 2201 Verum
908 2155 981 2200 Elidis
988 2155 1043 2199 urbs
1051 2151 1163 2198 Salmonae
1174 2149 1209 2197 vel
1222 2149 1309 2197 Salmo-

267 2243 293 2272 ne
303 2227 332 2272 ad
340 2226 454 2288 Alpheum
465 2225 625 2287 intelligenda,
635 2243 705 2290 quam
717 2227 908 2273 Salmoneussive
916 2225 1035 2280 condidit,
1044 2227 1092 2271 sive
1104 2224 1249 2270 inhabitavit.
1261 2221 1308 2268 vid.

265 2299 346 2344 Strabo
359 2298 374 2343 l.
385 2315 406 2343 c.
419 2314 442 2361 p.
456 2299 501 2344 856
510 2301 538 2343 D.
549 2299 644 2344 Diodor.
658 2302 697 2354 lV,
709 2301 748 2346 68.
760 2302 818 2346 Pisoe
833 2316 923 2346 aemma
936 2308 959 2344 et
967 2296 1038 2342 Elidis
1047 2313 1112 2361 aqrus
1128 2312 1171 2342 suo
1181 2312 1245 2342 more
1257 2311 1311 2340 me-

265 2382 340 2414 morat
350 2371 451 2414 imitator
459 2369 504 2415 loci
517 2369 595 2415 l'aler.
609 2371 643 2415 Fl.
654 2371 734 2426 1‚662
747 2387 782 2434 sq.
794 2388 836 2434 per
844 2370 953 2417 Hellados
961 2369 1025 2415 urbes
1035 2372 1096 2430 conj.
1107 2370 1145 2414 lo.
1153 2367 1275 2414 Schrader.
1284 2369 1309 2412 in

266 2438 365 2484 schedis.
376 2464 406 2473 -
419 2439 471 2498 589.
484 2437 577 2485 honores
588 2439 654 2486 multi
665 2440 735 2486 codd.
752 2453 776 2488 ct
788 2442 842 2488 cdd.
852 2442 898 2488 Sed
908 2441 932 2487 id
942 2440 1056 2503 pedestris
1069 2455 1164 2503 quoqne
1176 2439 1250 2484 oratio
1260 2437 1310 2482 ire·

269 2521 375 2571 qucntat.
383 2533 414 2542 —-
423 2509 475 2568 59⁰.
485 2519 508 2553 et
517 2509 641 2556 inevitabile
650 2511 755 2557 Parthas.

266 2631 306 2686 nie
327 2631 456 2702 designat.
470 2631 559 2702 suardo
578 2632 720 2686 volvuntur
734 2635 762 2686 in
811 2637 919 2687 Ercurs.
931 2634 965 2687 ad
978 2635 1006 2686 h.
1019 2655 1044 2686 v.
1062 2633 1124 2688 Vidi
1136 2633 1241 2684 dentem
1251 2649 1309 2702 poe-

267 2710 331 2774 imo,
342 2709 484 2780 preclare,
494 2723 523 2762 ut
534 2711 567 2762 ad
578 2713 660 2764 imum
672 2713 763 2766 Tarta·

266 2809 324 2840 rum
335 2790 456 2842 detrusos
469 2791 612 2843 exhiberet.

303 2869 457 2936 582-584.
481 2869 519 2921 De
537 2871 589 2921 Oto
603 2884 628 2922 et
641 2871 764 2942 Ephialte

267 2949 342 3002 hloei
352 2951 370 3000 f.
381 2949 510 3001 videndus
520 2951 728 3023 llomer.0tlyss.
738 2970 761 3018 a,

268 3030 426 3100 304-319.
447 3029 572 3099 Apollod.
597 3032 625 3095 Ι,
649 3049 678 3100 7,
701 3033 716 3099 4
737 3046 763 3085 et

266 3111 342 3161 Notas
354 3130 380 3181 p.
399 3128 455 3160 son.
466 3111 606 3180 Expressns
617 3113 638 3160 is
653 3124 691 3163 est
706 3111 732 3164 h.
744 3112 761 3163 l.

267 3210 283 3242 u
301 3193 430 3254 Marone,
447 3210 496 3242 nec
516 3205 619 3258 tamen,
637 3205 665 3243 ut
684 3194 765 3245 subli-

266 3272 357 3322 mitate
378 3289 438 3322 eum
464 3271 578 3322 llomero
603 3273 763 3326 contendere

267 3349 355 3402 vellet.
376 3351 482 3419 Spectat
500 3363 586 3401 autem
601 3350 657 3403 haec
679 3365 704 3402 et
722 3371 765 3404 se-

268 3447 351 3498 quens
374 3429 467 3481 fabula
495 3429 528 3481 ad
552 3431 654 3503 mythos
676 3433 764 3502 stirpis

267 3509 391 3573 AEolicm,
416 3528 482 3579 quos
505 3530 587 3582 genus
616 3513 765 3584 mythorum

266 3587 359 3656 rudius
370 3603 395 3640 et
406 3592 540 3660 antiquius
551 3595 709 3646 constituere
720 3592 764 3644 de-

267 3666 413 3735 prehendo.
435 3669 488 3718 vid.
512 3669 636 3738 Apollod.
652 3673 677 3734 1,
696 3689 724 3740 7,
747 3671 762 3722 3

267 3761 325 3814 sqq.
341 3757 367 3793 et
380 3745 441 3794 Not.
457 3747 531 3796 Toto.
549 3749 599 3811 ΙΙΙ,
617 3749 670 3798 tab.
689 3748 761 3808 Vlll,

266 3842 292 3892 p.
317 3821 390 3872 1005.
408 3823 578 3874 Manifestum
598 3826 650 3877 hoc
671 3829 698 3877 in
720 3825 762 3876 his

266 3903 330 3972 ipsis
349 3901 455 3964 fabulis,
473 3921 529 3972 quae
544 3904 570 3954 h.
585 3904 603 3954 l.
621 3904 763 3973 subjiciun-

266 3995 309 4031 tur
322 3979 354 4031 de
367 3981 481 4047 Aloidis,
496 3983 635 4035 Salmoneo
654 3997 680 4036 et
694 3998 763 4036 cete·

267 4082 311 4114 rrs.

302 4143 464 4214 585-594.
486 4143 524 4196 De
546 4143 684 4197 Salmonco
708 4144 761 4198 vid.

812 2735 874 2780 nes,
892 2715 954 2766 dum
969 2715 1107 2780 imitetur.-
1120 2731 1187 2783 pro,
1202 2712 1310 2762 dantem

813 2814 922 2868 poenas,
933 2795 1006 2867 quod
1023 2796 1139 2846 imitatus
1156 2805 1220 2844 erat.
1236 2790 1311 2842 Scili-

814 2891 856 2929 cet
869 2896 917 2948 pro
931 2877 981 2929 deo
995 2876 1089 2928 haberi
1103 2875 1195 2925 voluit.
1213 2872 1313 2926 sonitus

816 2959 861 3022 O.,
874 2960 1038 3010 tonitrua-
1046 2957 1105 3009 588.
1117 2955 1257 3026 medieque
1265 2971 1313 3024 per

812 3035 897 3088 Elidis
923 3039 1036 3089 urbem:
1061 3054 1156 3087 novam
1184 3035 1278 3087 urbem
1297 3053 1312 3084 a

812 3115 953 3168 Salmoneo
969 3115 1103 3168 conditam
1112 3153 1120 3180 ,
1130 3115 1290 3166 Salmoniarn
1301 3149 1310 3176 ‚

814 3195 848 3248 ad
868 3196 1020 3267 Alpheum,
1040 3195 1159 3264 adeoque
1176 3196 1203 3244 in
1223 3189 1312 3243 media

812 3275 887 3328 Elide
913 3278 1006 3339 sitam,
1032 3274 1177 3344 intelligere
1208 3272 1310 3342 potuit;

814 3355 907 3408 eadem
919 3356 1028 3406 fulmine
1042 3351 1217 3423 conflagrasse
1228 3354 1312 3402 fertur

816 3435 887 3505 apud
904 3433 1027 3505 Apollod.
1048 3435 1077 3497 1,
1096 3451 1128 3502 9,
1144 3450 1167 3502 7.
1181 3434 1225 3497 Si,
1240 3429 1312 3502 quod

815 3533 846 3564 ex
858 3516 968 3585 poetica
982 3512 1110 3562 orationis
1125 3529 1174 3561 usu
1184 3511 1272 3562 facere
1283 3510 1313 3560 li-

813 3606 868 3656 cet,
879 3595 963 3662 ipsam
974 3591 1067 3642 urbem
1078 3630 1086 3658 ,
1096 3589 1213 3650 Elidem,
1224 3589 1313 3640 deela-

812 3685 896 3721 ratam
918 3689 974 3722 esse
998 3669 1156 3733 contendis,
1180 3681 1208 3718 ut
1226 3665 1312 3719 Elidis

813 3749 871 3799 atriu
887 3748 957 3800 dicta
970 3751 1003 3799 sit
1020 3767 1069 3818 pro
1085 3749 1175 3808 Elide,
1191 3763 1240 3817 per
1253 3763 1311 3796 eum

812 3827 924 3877 meeliem
941 3829 993 3877 ibat
1012 3839 1062 3878 etc.
1079 3839 1133 3876 turn
1149 3823 1310 3887 dicendum,

812 3920 918 3976 poetam
937 3926 1032 3976 partun
1052 3917 1175 3957 accurate
1189 3923 1238 3975 per
1252 3922 1312 3974 pro·

812 3986 897 4054 lepsin
907 3985 1000 4036 urbem
1016 3987 1098 4036 serius
1113 3983 1247 4034 conditam
1258 4001 1314 4033 me·

812 4082 939 4116 morasse.
949 4067 984 4116 cf.
997 4067 1056 4114 Vas.
1068 4065 1139 4113 laect.
1148 4091 1181 4100 -
1191 4061 1249 4131 590·
1260 4061 1312 4112 De·

812 4163 897 4207 eneam
912 4163 943 4198 ex
956 4142 1041 4201 Νέπως
1055 4143 1130 4197 Iliad.
1141 4144 1175 4210 β,
1189 4145 1221 4196 38
1236 4153 1262 4195 et
1275 4141 1310 4193 al.
