3022 4682
639 397 904 464 EXGURSUS
928 399 969 466 11

565 673 933 764 EXCURSUS
967 679 1032 763 ΙΙ.

706 859 895 948 neema.

319 1005 355 1072 V,
369 1005 411 1072 23,
419 1006 451 1074 si
462 1005 518 1058 Nec
528 1003 603 1060 litora
611 1005 754 1080 lonqusse
765 1025 822 1059 reor
828 1007 950 1077 fraterna
959 1004 1194 1078 Erycisportusque
1205 1007 1320 1062 Sicanos·

284 1085 360 1141 Adde
368 1105 392 1136 ν.
401 1088 462 1157 391,
472 1089 533 1158 392,
548 1089 608 1155 403,
622 1089 671 1155 ita
685 1107 724 1158 sq.
738 1102 763 1140 et
777 1087 935 1158 759-761.
949 1087 1016 1138 Tum
1027 1087 1113 1138 vicino
1123 1087 1196 1138 ostris
1204 1089 1321 1158 Erycino

285 1169 313 1220 iu
323 1167 416 1220 vertice
431 1169 499 1222 sedes
511 1170 649 1222 Fundetur
662 1169 757 1223 Veneri
769 1167 875 1236 Idoliae,
892 1165 1045 1240 tumuloque
1060 1167 1174 1222 sacerdos
1189 1169 1228 1220 Ac
1247 1166 1321 1222 luctu

283 1243 336 1298 late
346 1263 417 1298 sacer
425 1247 533 1300 additur
542 1247 679 1302 Auclriseo.

318 1326 391 1379 Molo
402 1329 439 1395 ll,
451 1345 466 1398 7
478 1329 611 1382 Montium
622 1330 695 1399 Eryx
710 1329 823 1381 murime
835 1337 1011 1390 memoretur,
1022 1325 1054 1376 ob
1068 1324 1201 1378 delubrum
1216 1325 1324 1380 Veneris

283 1409 316 1457 ob
330 1406 417 1458 AEuea
436 1410 579 1461 conditum.
597 1409 635 1460 Ex
653 1410 755 1481 vulgari
773 1410 898 1480 opinione
919 1424 1014 1458 nornen
1036 1406 1070 1458 ab
1093 1405 1174 1477 Eryce
1195 1404 1321 1472 ductum,

285 1504 362 1555 quem
380 1487 447 1540 odeo
466 1503 546 1560 poete
565 1489 643 1544 docte
663 1505 688 1544 et
709 1493 794 1560 ipsum
814 1491 842 1540 in
859 1488 974 1538 carmine
991 1488 1160 1552 memoravit,
1173 1503 1198 1536 r.
1211 1483 1259 1556 391
1280 1503 1320 1558 sq.

282 1566 357 1635 Eryx
375 1565 420 1619 hio
438 1571 557 1644 pugilatu
576 1570 815 1636 nobilis,Veneris
831 1587 845 1620 e
862 1569 930 1620 Buts
945 1566 1014 1618 lilius
1035 1569 1075 1634 (v.
1098 1567 1190 1638 Hygin.
1212 1569 1231 1618 f.
1255 1567 1322 1632 260,

284 1642 351 1696 alios
364 1663 406 1716 sp·
420 1647 524 1701 Closer.
538 1648 606 1701 Sicil.
621 1663 674 1701 ant.
686 1669 713 1720 p.
725 1651 775 1718 269
788 1647 876 1718 squ),
891 1647 971 1698 etiarn
983 1646 1010 1696 in
1021 1646 1107 1696 nuruis
1120 1643 1322 1715 Segestanorum

284 1723 385 1776 obrius.
396 1746 421 1776 v.
434 1729 575 1782 Burmann.
590 1729 623 1782 ad
635 1730 765 1781 Numimn.
776 1727 826 1780 Sic.
840 1746 867 1796 p.
881 1725 933 1794 396
942 1743 1000 1795 sqq.
1015 1726 1044 1776 ln
1054 1724 1224 1795 Erycinorum
1235 1725 1320 1776 nuruis

283 1803 357 1873 apud
368 1806 490 1858 Parutam
503 1821 529 1860 et
540 1807 687 1860 Pelerinuns
709 1808 764 1877 ipse
777 1805 903 1857 Hercules
917 1821 1056 1856 occurrere
1068 1802 1181 1854 videtur.
1194 1803 1274 1870 Quod
1292 1803 1321 1854 in

284 1896 373 1938 monte
390 1885 471 1958 Eryce
488 1889 538 1939 luit
553 1888 679 1959 ternplum
692 1889 801 1940 Veneris
821 1886 1049 1956 antiquissimum,
1068 1895 1097 1934 ut
1119 1883 1152 1935 ad
1169 1883 1321 1936 Phoenicum

283 1963 402 2016 detortos
415 1967 585 2038 religionem,
599 1988 652 2020 non
668 1981 720 2020 tam
734 1968 821 2032 male,
835 1980 865 2017 ut
876 1966 960 2016 multa
971 1964 1064 2032 alia,s
1077 1963 1208 2015 Boobarto
1221 1966 1322 2018 relere-

284 2056 328 2094 tur
339 2042 473 2111 (Conana.
491 2048 528 2113 11,
550 2048 593 2118 r),
603 2048 706 2122 vulgari
722 2062 811 2100 tamen
827 2048 899 2098 fama
911 2045 1041 2114 Trojanos
1056 2045 1207 2096 conditores
1223 2044 1322 2098 bebere

283 2123 427 2178 ferebatur.
440 2129 507 2181 Hinc
522 2128 588 2183 nibil
604 2131 709 2182 suavius
722 2129 841 2180 versibus
858 2133 909 2196 759
921 2143 995 2197 sqq,
1011 2125 1107 2195 quibus
1120 2125 1227 2178 AEneam
1245 2143 1322 2177 suum

284 2216 365 2274 poeta
377 2218 511 2260 auctorem
525 2209 617 2280 templi
628 2210 707 2272 lacit,
720 2210 769 2260 etsi
778 2207 811 2260 de
825 2206 878 2258 boo
890 2206 1049 2276 scriptorum
1061 2201 1126 2256 fides
1139 2207 1255 2256 omniunt
1267 2221 1322 2256 non

284 2287 415 2338 convenit.
435 2287 523 2340 Potest
542 2300 629 2343 tamen
649 2289 745 2352 teneri,
764 2286 836 2358 qnod
857 2297 883 2338 ct
903 2284 1036 2336 Diodorus
1048 2281 1094 2334 lib.
1110 2283 1144 2334 lV
1161 2283 1210 2336 sub
1228 2285 1262 2348 l.,
1276 2283 1323 2352 qui

282 2360 408 2419 classicus
420 2367 453 2420 de
469 2365 551 2437 Eryce
568 2368 643 2420 locus
656 2380 711 2431 est,
726 2365 830 2437 prodit,
846 2366 922 2415 novis
934 2362 1026 2416 saltem
1039 2360 1180 2414 decoribus
1195 2361 1322 2432 ternplum

283 2439 318 2494 sb
329 2444 413 2496 AEuea
423 2446 504 2498 fuisse
515 2459 652 2508 ornatum
667 2458 694 2498 et
705 2447 774 2498 inter
786 2443 1093 2494 manifestissimnAEueee
1105 2443 1132 2492 in
1143 2440 1258 2498 Siciliam
1271 2439 1322 2492 sd·

283 2533 377 2574 ventus
389 2523 488 2576 indicia
528 2525 635 2598 Dionys.
648 2527 670 2589 1,
683 2523 715 2578 53
728 2535 889 2575 memoratur
899 2522 939 2578 oie
948 2517 1224 2590 Airstddoe’nepsllesri
1236 2516 1321 2585 fluuit,

284 2601 395 2654 Veneris
413 2603 537 2656 AEneadis
555 2623 600 2656 nro
616 2607 644 2656 in
664 2606 747 2676 Eryce
769 2615 866 2656 monto.
887 2601 966 2669 Quod
982 2620 1045 2656 voro
1068 2603 1186 2669 mireris,
1209 2620 1263 2653 non
1277 2600 1324 2652 de·

283 2681 372 2744 fuere,
387 2683 433 2752 qui
449 2684 557 2736 AEnsnm
570 2685 679 2736 Veneris
696 2680 812 2754 Erycino
825 2683 927 2754 signnm
941 2701 1029 2736 secum
1043 2696 1192 2754 asportasse
1211 2683 1323 2734 commi·

284 2760 449 2812 niscerentur
465 2781 472 2822 ;
493 2764 515 2814 si
540 2781 602 2816 vera
623 2777 683 2816 sunt
700 2801 708 2828 ,
735 2781 793 2833 quse
817 2762 921 2818 Solinus
944 2763 1027 2816 habet
1052 2783 1074 2815 o.
1102 2781 1126 2828 o,
1152 2782 1213 2834 pop.
1241 2763 1272 2814 13
1291 2762 1321 2812 Ε.

282 2855 346 2909 apro
364 2840 597 2906 Laurenti—ubi,
617 2844 679 2894 dum
698 2841 889 2908 simulacrum,
913 2843 985 2915 quod
1003 2859 1088 2896 secum
1107 2859 1139 2894 ex
1161 2839 1254 2894 Sicilia
1275 2841 1324 2891 nd-

283 2930 401 2984 vexerat,
421 2921 523 2974 dedicat
545 2924 640 2978 Veneri
663 2926 756 2990 matri,
776 2940 835 2995 quie
855 2925 940 2976 Frutis
961 2923 1065 2974 dicitur.
1083 2921 1241 2988 Salmasius,
1264 2938 1323 2993 (μω

283 2999 376 3069 Erycis
390 2999 487 3051 dicitur
495 3002 566 3074 legit.
580 3002 658 3055 Male.
672 3019 696 3054 v.
710 3003 764 3054 los.
778 3002 893 3074 Scaliger
907 3002 941 3055 ad
952 3005 1058 3058 Festum
1070 3003 1096 3054 iu
1107 2999 1245 3068 Frusinal,
1256 3011 1323 3053 tem-

282 3076 357 3148 plum
371 3079 477 3133 Veneris
486 3081 586 3146 Frutis,
598 3081 654 3132 scil.
669 3099 684 3132 s
697 3083 761 3132 Frus
768 3119 777 3146 ,
791 3081 954 3152 uudejruor.
1340 3073 1345 3084 ⁸

318 3159 388 3211 Bene
409 3162 489 3212 etiam
511 3163 625 3226 Acestae,
644 3161 696 3214 boc
717 3175 770 3227 est,
794 3162 925 3234 Segeste,
952 3161 1105 3234 primordiis
1128 3159 1207 3230 liujus
1231 3162 1324 3232 templi

287 3241 362 3310 origo
375 3241 558 3313 subjungiturs
572 3261 632 3295 nam
648 3243 782 3294 mansisin
801 3241 1003 3315 Segestanorum
1023 3243 1123 3294 ditione
1142 3244 1221 3295 etism
1233 3241 1268 3292 sd
1280 3259 1323 3292 se-

284 3322 355 3372 riora
364 3332 486 3396 tempora
494 3321 546 3376 hoo
554 3323 681 3393 ternplum
689 3360 697 3389 ,
705 3336 734 3376 ut
742 3325 805 3374 sutis
814 3342 845 3375 ex
856 3323 940 3376 Cicer.
951 3323 1084 3388 verrinis,
1094 3334 1121 3373 et
1129 3321 1193 3370 Tac.
1201 3321 1269 3370 Ann.
1278 3321 1323 3386 tv,

284 3398 319 3464 43
331 3413 443 3452 constat.

318 3480 398 3548 Quod
411 3481 444 3539 de
455 3481 584 3536 Ancltiseo
596 3484 623 3534 in
635 3483 910 3556 Erpcestdrjungitur,
920 3501 943 3534 v.
958 3482 1018 3550 760,
1030 3479 1094 3548 761,
1106 3476 1187 3530 hebet
1200 3487 1228 3530 et
1236 3478 1323 3548 ipsum

283 3562 438 3616 historicam
450 3565 588 3618 rationem.
609 3567 703 3638 Hygia.
719 3565 738 3616 f.
753 3565 803 3616 260
819 3563 847 3614 iu
865 3561 913 3613 laco
928 3571 1016 3612 eutem
1032 3566 1119 3608 monte
1137 3557 1324 3610 dicitnretium

282 3641 408 3696 Ancltises
417 3643 547 3715 sepultum
562 3650 610 3700 etsi
622 3647 669 3699 Ge.
682 3648 703 3698 1²
705 3645 819 3698 abricius
832 3660 886 3694 non
899 3639 967 3691 male
980 3640 1130 3710 suspicatur
1147 3636 1181 3692 ad
1193 3637 1323 3710 templum

284 3735 311 3774 et
321 3723 467 3775 Flumineus
479 3723 511 3776 D.
525 3725 634 3780 Caesaris
646 3737 753 3798 poetam
768 3723 909 3793 respicere.

319 3801 455 3867 Totidem,
473 3805 522 3854 etsi
536 3803 591 3856 ludi
611 3805 737 3858 funebres
755 3815 840 3873 poete
861 3799 966 3870 ingenio
980 3811 1005 3850 et
1019 3799 1126 3852 Homeri
1144 3795 1263 3868 exemplo
1276 3794 1324 3848 de-

283 3877 379 3932 bentur
392 3879 443 3948 (cf.
458 3881 491 3932 ed
504 3900 544 3950 pr.
557 3884 604 3936 lib.
617 3884 669 3954 V),
682 3885 782 3934 inleriae
800 3893 886 3932 temen
898 3877 1020 3930 Anchisa
1028 3917 1037 3944 ‚
1050 3882 1077 3931 in
1091 3879 1180 3930 Sicilie
1193 3878 1284 3938 factm,
1297 3887 1324 3928 et

283 3958 451 4014 novemdiale
465 3978 569 4014 snorum
580 3967 716 4036 antiquam
727 3962 845 4015 habuere
857 3962 1020 4012 memoriam.
1034 3957 1113 4012 Osid.
1125 3961 1196 4012 Fast.
1207 3958 1244 4021 ll,
1257 3955 1321 4020 ste,

283 4038 330 4090 nbi
343 4039 376 4092 de
390 4042 484 4092 annuis
497 4044 615 4098 inferiis:
628 4045 709 4096 Hunc
723 4061 819 4094 morem
830 4043 928 4096 AEneos'
937 4041 1043 4114 pietatis
1056 4041 1162 4094 idoneus
1173 4047 1266 4090 auctor
1277 4034 1322 4087 Ar-

284 4115 350 4172 tslit
361 4119 389 4172 in
402 4129 480 4176 terras
487 4159 496 4187 ,
504 4124 572 4193 jusu
583 4124 693 4190 Latine,
706 4133 770 4177 tuas.
787 4119 836 4178 tlte
845 4125 928 4195 petris
939 4121 1022 4178 Genio
1035 4119 1165 4176 sollennia
1176 4113 1326 4186 donasere·
