2996 4694
442 439 677 508 AENEIDOS
698 429 853 504 LIBER
874 439 913 503 V.
1174 437 1218 506 85

183 573 328 648 Cornua,
342 567 605 657 detorquentque
618 589 625 630 :
638 567 749 632 ierunt
761 588 819 630 sna
831 563 962 629 flamina
975 563 1120 630 classem.

182 677 338 764 Princeps
353 692 427 739 ante
441 675 546 738 omnis
559 671 700 738 densum
711 671 882 736 Palinurus
893 670 1009 758 agebat

182 781 309 868 Agmen
320 804 327 842 :
340 778 381 844 ad
394 779 482 844 hunc
493 778 547 844 alii
560 800 693 844 cursum
705 774 905 842 contendere
913 776 1006 865 jussi.

181 885 322 974 Jamque
334 885 403 949 fere
415 883 557 954 mediam
569 884 640 949 caeli
653 883 724 946 Nox
735 878 870 944 humida
881 898 1004 944 metam
1173 893 1217 941 ⁸³⁵

181 989 384 1078 Contigerat3
397 988 524 1077 placida
536 990 680 1052 laxarent
693 983 839 1050 membra
851 986 962 1074 quiete

181 1093 249 1158 Sub
261 1095 360 1158 remis
373 1095 436 1158 fusi
448 1117 509 1181 per
521 1091 603 1156 dura
615 1090 729 1156 sedilia
741 1106 848 1154 neuun
860 1113 867 1152 ;

180 1199 293 1281 Quum
304 1199 385 1263 levis
398 1198 539 1263 aetheriis
552 1197 705 1285 delapsus
716 1197 856 1261 Somnus
868 1194 909 1260 ab
921 1196 1017 1262 astris

180 1307 266 1370 Aera
278 1303 416 1368 dimovit
428 1303 654 1382 tenebrosum,
668 1319 700 1366 et
713 1301 847 1390 dispulit
859 1301 1006 1381 umbrae,

126 1397 129 1402 ¹
180 1399 245 1488 Te,
259 1409 425 1487 Palinure,
438 1425 568 1496 petens,
581 1407 640 1472 tibi
652 1408 779 1472 somnia
791 1407 894 1472 tristia
906 1423 1040 1496 portans
1176 1418 1226 1476 tto

182 1515 323 1593 lnsonti;
336 1515 507 1602 puppique
520 1512 601 1577 deus
614 1511 763 1577 consedit
775 1511 809 1574 in
821 1512 899 1590 alta,

178 1619 358 1685 Phorbanti
370 1619 498 1699 similis;
512 1617 688 1707 funditque
701 1617 759 1686 has
772 1639 829 1682 ore
841 1615 1008 1706 loquelas:

178 1793 248 1842 Goth.
259 1807 311 1842 tert.
321 1811 334 1840 a
344 1812 374 1842 ru.
387 1812 422 1858 pr.
431 1821 463 1832 -
471 1793 526 1842 832.
534 1795 633 1857 flumina
646 1792 716 1840 ambo
729 1793 821 1856 Menap.
832 1793 861 1840 cf.
877 1809 930 1839 mox
941 1811 963 1838 v.
974 1792 1028 1851 843.
1037 1821 1068 1832 -
1080 1794 1133 1853 834.
1145 1795 1220 1844 adhue

178 1865 248 1912 Goth.
259 1883 294 1929 pr.
307 1877 330 1912 et
343 1865 423 1912 llamb.
436 1883 471 1930 pr.
484 1883 496 1912 a
508 1883 538 1912 ι.
551 1883 597 1913 tec.
609 1867 641 1914 ad
651 1863 722 1921 lione,
735 1864 764 1911 ad
773 1863 843 1928 liujus
853 1865 998 1930 exemplum,
1008 1867 1138 1929 imperium.
1149 1883 1219 1916 cursu

177 1951 199 1982 c.
209 1933 307 1982 Oudart.
322 1949 345 1982 et
357 1935 395 1981 ed.
408 1952 442 1998 pr.
454 1951 546 1982 cursum
556 1937 664 1982 ‹tatucm
675 1935 767 1998 Hugen.
780 1948 802 1981 et
813 1934 902 1980 Zulicb.
914 1961 945 1972 —
957 1935 1009 1982 836.
1023 1935 1129 1982 laxarunt
1138 1937 1218 1986 tteim.

178 2022 233 2054 curn
242 2005 378 2052 melioribus
386 2020 438 2068 poet
450 2007 510 2052 Pier.
522 2009 631 2064 retinuit,
647 2006 687 2052 alii
700 2003 822 2052 tutabant.-
839 2020 861 2051 et
872 2010 905 2052 cic
915 2005 967 2052 Atd.
979 2024 1029 2069 pr.,
1045 2021 1068 2054 at
1080 2025 1092 2052 a
1103 2009 1220 2073 Naugerio

178 2087 293 2121 mutatum
303 2077 328 2120 in
339 2073 493 2140 iurarunted.
508 2073 574 2132 1514.
585 2075 683 2122 Dorvill.
696 2074 800 2130 laxabat,
818 2076 855 2122 ed.
865 2075 925 2120 Ven.
938 2074 1061 2132 boeotum,
1077 2077 1166 2124 anirh.
1179 2095 1221 2125 rex

180 2143 250 2190 laxat.
261 2146 334 2191 Porro
345 2146 404 2192 alter
415 2145 497 2192 llamb.
508 2163 519 2190 a
531 2161 563 2190 m.
572 2160 618 2191 sec.
630 2144 715 2208 placidi
725 2144 740 2190 l.
754 2162 782 2190 m.
792 2149 872 2210 qut'eti,
885 2157 908 2190 ct
919 2147 992 2206 Biflot.
1000 2145 1096 2208 platu'doe
1104 2173 1135 2182 -
1143 2151 1220 2211 quieti.

179 2240 211 2251 -
220 2215 272 2276 837.
278 2213 339 2277 fruti
347 2215 444 2262 Dorvill.
455 2217 505 2262 diro
516 2215 575 2261 Veu.
584 2240 616 2250 -
628 2215 680 2261 838.
693 2213 793 2276 dilapsus
805 2227 828 2260 et
837 2215 875 2260 hic
884 2214 982 2278 aliquot.
993 2215 1100 2261 domusve
1112 2215 1182 2262 Wull.
1190 2243 1222 2254 ·-·

179 2285 233 2348 839.
244 2288 339 2333 demovit
348 2287 436 2333 Zulicb.
446 2288 535 2334 dimosit
543 2290 619 2349 Sprot.
630 2286 684 2331 Mox
696 2279 718 2332 d'.
728 2302 797 2332 auras
808 2303 843 2348 pr.
857 2285 938 2330 llamb.
950 2301 1049 2346 prover.
1059 2285 1113 2332 lcct.
1124 2311 1156 2321 ·-
1167 2287 1220 2344 840.

180 2359 254 2404 uisuri
267 2359 352 2404 somnio
366 2358 405 2404 alii
420 2375 472 2406 eum
487 2360 634 2422 praeuotio.
649 2358 770 2414 Mediceo,
785 2355 850 2420 quod
863 2357 892 2402 ab
904 2355 999 2402 Heinsio
1012 2359 1037 2402 in
1051 2360 1137 2404 somnia
1151 2361 1223 2411 tristia

180 2437 294 2472 mutatum
302 2423 382 2484 oblim,
392 2445 464 2494 quum
475 2442 498 2473 ct
508 2431 583 2474 minut
592 2443 662 2474 suave
672 2427 718 2474 hoc
725 2427 754 2474 cit
764 2430 822 2484 auri,
833 2429 874 2474 etti
884 2429 974 2500 aurium
980 2426 1096 2487 judicium
1107 2429 1222 2476 incertum

179 2509 227 2553 ert,
237 2513 290 2544 narn
303 2497 370 2545 rideo
379 2499 496 2546 Brunclio
509 2512 531 2546 et
542 2499 628 2548 Becltio
639 2499 702 2546 huuc
714 2499 838 2546 verborum
847 2501 948 2560 potitum
960 2500 1089 2561 auariorem
1099 2499 1186 2558 videri,
1199 2513 1223 2548 et

179 2567 266 2613 eodieit
276 2569 371 2614 Romani
381 2568 451 2616 lectio
459 2586 485 2616 ea
495 2571 537 2626 tit,
547 2569 655 2618 Heinsius
664 2586 720 2617 vero
727 2569 860 2617 Mediceum
870 2567 987 2631 creroplar
996 2571 1062 2632 sequi
1070 2568 1222 2623 maluerit,-

179 2637 232 2696 tta.
243 2640 360 2688 Forbautis
372 2641 461 2706 aliquot
475 2641 537 2688 Pier.
545 2641 627 2705 fundit
640 2640 719 2690 Heius.
732 2655 784 2706 port
798 2643 859 2688 Pier.
874 2657 926 2688 cum
940 2640 1083 2692 melioribus.
1096 2639 1219 2704 ttiifudu.

177 2779 258 2832 modo
280 2781 314 2832 ab
336 2780 381 2832 illa
400 2795 476 2852 parte
494 2783 634 2854 explicant.
649 2801 673 2832 v.
725 2783 810 2836 donec
831 2783 881 2836 sub
901 2795 1006 2834 noctem
1018 2795 1091 2834 recta
1104 2801 1120 2834 a
1133 2785 1219 2854 puppi

178 2860 273 2914 Catull.
287 2861 336 2925 lV,
349 2879 391 2914 αι.
405 2863 471 2914 Plin.
484 2865 521 2929 ll,
534 2864 576 2934 47.
592 2881 612 2915 s.
631 2861 674 2930 48.
724 2865 787 2925 llere
798 2865 942 2935 incipiunt,
955 2881 1007 2927 sec,
1017 2881 1042 2912 v.
1054 2862 1105 2929 844
1117 2863 1220 2935 AEqua·

178 2941 276 2990 Facere
297 2951 385 2992 autem
404 2943 512 3012 pedem,
536 2956 565 2995 ut
583 2942 675 3013 facere
723 2944 866 3016 toetpirant
877 2942 1071 2996 ‹turm-833.
1090 2943 1129 2994 De
1142 2941 1222 2994 Pali-

180 3015 256 3080 velu,
278 3019 415 3088 expedire,
440 3039 543 3090 parare.
567 3020 675 3072 Fundus
724 3045 790 3080 nure
807 3025 858 3076 tasi
879 3025 899 3076 f.
914 3035 1057 3087 memorat,
1079 3023 1178 3091 quippe
1191 3023 1220 3072 in

180 3097 220 3148 rei
228 3097 255 3146 in
263 3097 377 3148 Homero
387 3097 481 3168 Odyus.
492 3120 519 3160 ι,
533 3101 565 3150 35
575 3099 620 3150 Alii
630 3095 676 3166 peip
724 3105 822 3158 fabulis
834 3103 933 3156 ltalicis
942 3101 1036 3154 nobili.
1049 3118 1074 3150 v.
1088 3101 1149 3152 Ere.
1163 3101 1218 3152 Vll.

180 3171 247 3226 ulla
267 3171 313 3229 uit
335 3171 433 3238 iniiam·
455 3195 532 3246 quem
557 3177 590 3228 tle
610 3179 676 3230 velis
725 3185 775 3234 nisi
784 3183 835 3233 hoc
845 3183 926 3248 foret,
937 3198 988 3252 pro
1001 3177 1089 3230 inutili
1098 3189 1124 3230 et
1133 3181 1220 3230 otioso

181 3254 365 3326 accipiendum
377 3273 430 3306 estc
440 3259 482 3306 vix
489 3255 608 3321 dubites,
617 3276 677 3310 cum
725 3259 852 3330 Episodio
866 3273 935 3312 esset
945 3257 1095 3312 habendus.
1105 3275 1202 3329 apmen
1212 3295 1222 3324 ,

180 3333 250 3388 AEoli
262 3333 392 3386 beneficio
403 3335 522 3404 navigem
535 3333 594 3385 vide
606 3334 643 3384 ibi
652 3353 676 3386 v.
726 3353 755 3388 ut
767 3351 862 3407 pocta,
883 3339 949 3390 dixit
969 3337 1003 3390 de
1024 3337 1123 3400 classe,
1141 3354 1221 3405 quern

183 3417 216 3469 25
228 3433 285 3485 sqq.
299 3417 356 3467 lloc
367 3415 429 3468 loco
442 3427 548 3466 ventum
559 3415 678 3466 variante
727 3415 799 3468 ducit
811 3417 956 3468 Palinurus.
967 3419 1029 3468 Mox
1042 3433 1066 3466 v.
1079 3415 1137 3468 835.
1152 3417 1223 3468 Noc·

181 3497 282 3565 impetu
294 3496 402 3567 oblique
419 3494 558 3560 incidisse,
575 3493 623 3544 illa
635 3493 679 3546 de·
727 3508 779 3549 tem
796 3494 873 3546 deam
891 3513 970 3548 curru
989 3507 1093 3548 vectam
1117 3496 1221 3566 cogita,

182 3575 298 3643 clarent,
322 3596 379 3646 quaa
404 3575 560 3630 declarandi
583 3592 678 3628 caussa
726 3574 1219 3644 eamqueetinnltumcaelieveotam.
1304 3635 1310 3642 ,

182 3654 299 3724 adjecta:
306 3658 466 3728 pariterque,
476 3654 676 3720 nuncsinistros,
725 3675 749 3706 r.
763 3655 870 3708 Eucurs.
883 3655 906 3706 ll
918 3653 953 3706 ad
965 3639 1011 3704 lib.
1024 3655 1055 3706 ll.
1069 3666 1137 3708 meta
1145 3693 1154 3722 ,
1169 3675 1220 3728 pro

181 3755 254 3787 nunc
270 3735 369 3788 dextros
386 3735 498 3802 soluere,
516 3751 542 3789 et
553 3734 677 3788 intende·
724 3754 840 3802 sumrno,
852 3734 997 3787 celsissima
1008 3747 1096 3805 perte,
1116 3738 1143 3788 in
1159 3755 1220 3790 ver-

181 3830 257 3881 runt,
276 3817 347 3870 sinus
364 3817 498 3879 velorum3
518 3817 590 3888 quod
612 3815 676 3868 dum
725 3818 776 3870 tice
784 3813 952 3868 cult-838
960 3833 999 3886 eq.
1008 3815 1119 3870 Somnus
1130 3821 1224 3890 oppri-

181 3897 297 3962 faciunt,
320 3898 402 3950 etiarn
428 3909 555 3948 antennas
578 3895 676 3948 inllecti
723 3896 772 3948 mit
781 3895 985 3968 gubernatorem
993 3895 1220 3950 Palinurumtboc

181 3991 289 4030 necesse
306 3989 362 4029 est:
381 3995 435 4026 uno
455 3975 538 4026 ardua
557 3985 678 4047 torquent
725 3988 754 4026 ut
761 3988 842 4046 poeta
850 3976 962 4027 ornavit.
970 3974 1023 4026 vid.
1032 3975 1139 4028 Excute.
1150 3976 1227 4028 vssl..

184 4057 287 4109 Cornua
310 4057 522 4128 detorquenupue.
544 4053 585 4108 Sic
605 4055 677 4110 venti
761 4053 920 4123 tto-846.
937 4055 1019 4108 tristia
1030 4056 1149 4121 somnia,
1166 4074 1222 4107 mo·

183 4136 237 4204 tui,
246 4135 274 4188 h.
285 4155 307 4192 e.
321 4134 444 4204 secundi,
457 4136 546 4190 lerunt
557 4133 675 4198 classem
725 4135 822 4190 nifeeto
837 4154 887 4209 pro
906 4153 1013 4199 comum
1033 4133 1107 4206 quod
1127 4147 1228 4188 notan*
