2956 4680
472 375 533 437 An
557 373 758 437 etenum
780 375 867 437 vn.
1123 383 1185 470 389

152 501 241 566 nudo,
253 499 390 565 incedant,
409 512 500 551 verum
520 499 627 550 omnino
642 499 861 550 Praenestinorum
878 513 904 551 et
921 503 1052 554 sociorum
1072 507 1185 576 agmini:

152 599 239 650 neque
251 579 294 631 ille
307 577 413 630 habitus
426 577 493 630 adeo
506 577 621 629 insolens
635 590 660 628 et
674 577 709 629 ad
722 577 925 650 excogitandum
942 577 1055 633 dillirilis
1073 597 1145 648 erat,
1158 596 1188 635 ut
1230 633 1232 638 ,
1287 625 1293 636 .

152 671 237 729 poetae
252 659 278 707 in
293 659 409 708 animum
426 659 515 707 venire
534 671 588 708 non
604 667 707 727 possen
722 656 829 708 tandem
842 669 868 708 et
885 658 912 708 in
927 677 958 710 eo
972 657 1071 712 fallitur
1083 661 1188 714 Maero-

151 737 228 801 bius,
241 736 313 808 quod
328 735 397 788 hunc
416 751 513 787 morem
531 736 558 786 in
578 734 659 786 Italia
670 735 770 805 sitisse,
783 745 813 786 ut
825 755 877 786 uno
890 737 956 808 pede
968 737 1095 806 calceato,
1107 743 1188 795 altero

151 817 238 881 nudo,
252 817 334 866 iretur
344 815 379 866 ad
390 812 503 879 bellum,
516 833 645 886 nusquam
662 825 798 885 repererat.
813 813 879 866 Nam
894 821 1008 868 occurrit
1018 818 1061 870 ille
1073 824 1187 892 passim,

152 897 222 946 utin
237 896 347 962 Gracia,
365 898 402 948 sic
415 897 441 947 in
453 897 570 947 Etruscis
583 897 773 960 monumentis,
788 897 908 966 inprimis
925 900 951 948 in
971 898 1053 963 vasis,
1072 913 1100 951 ut
1118 904 1189 972 apud

152 973 336 1044 Dempsterum
354 975 382 1026 in
400 967 505 1026 Etruria
522 971 604 1046 regali
622 986 639 1023 t.
659 989 694 1042 90
712 974 739 1023 in
759 973 777 1022 l.
798 975 895 1040 Porro,
907 987 936 1025 ut
947 975 1002 1028 Silii
1015 979 1188 1032 imitationem

152 1055 287 1122 omittam,
308 1058 353 1127 qui
365 1055 411 1108 dat
423 1053 468 1107 lib.
481 1055 555 1120 VIII,
573 1054 620 1121 lot
636 1053 739 1104 Sabinis
753 1051 815 1104 loevo
828 1055 942 1126 teqmina
953 1073 1027 1107 crure
1036 1056 1112 1126 (nam
1124 1081 1190 1132 gen-

152 1143 204 1183 tem
217 1135 341 1206 Libycam
358 1134 395 1187 nil
411 1151 546 1186 moramur
557 1133 602 1184 lib.
617 1133 666 1200 111,
686 1151 735 1203 ²79
748 1135 791 1184 cui
803 1147 863 1184 sunt
876 1131 939 1185 loevo
954 1135 1067 1206 teqmina
1084 1141 1189 1212 crure),

151 1212 223 1282 apud
235 1215 336 1266 Livium
349 1233 455 1288 quoque
468 1213 518 1278 Ill,
540 1213 573 1281 lu
590 1211 746 1265 Samnitium
759 1225 893 1265 armatura
905 1215 1034 1284 ejusmodi
1053 1231 1190 1284 narratur,

148 1304 179 1342 ut
189 1293 319 1346 sinistrum
332 1314 389 1348 crus
400 1313 474 1348 ocrea
488 1304 584 1344 tectum
596 1291 726 1343 haberent.
744 1291 797 1359 Qui
817 1289 892 1344 loru's
908 1288 1056 1346 Aristotelis
1073 1317 1189 1351 censure

150 1369 234 1420 robur
243 1371 342 1424 addere
354 1373 476 1435 videtur,
489 1373 535 1440 qui
551 1368 704 1442 Euripidem
716 1369 938 1442 reprehenderat,
952 1372 1024 1444 quod
1040 1373 1133 1426 levum
1145 1397 1191 1448 pe-

150 1449 210 1500 dem
222 1449 343 1522 [nudum,
364 1452 483 1505 dextrum
503 1464 656 1514 ocreatum,
672 1449 802 1502 tribuerat
819 1449 920 1502 Thestii
939 1451 1029 1504 liberis
1043 1453 1190 1508 AEtolorum

149 1545 235 1590 more;
247 1545 307 1580 nam
319 1531 390 1602 apud
398 1529 447 1581 hos
456 1532 619 1580 contrarium
630 1545 728 1580 morem
742 1529 888 1580 obtinuisse
897 1530 908 1600 (
916 1531 952 1582 ita
963 1534 1031 1582 enim
1042 1531 1191 1588 Aristotelis

148 1605 231 1659 verba
243 1608 277 1658 ab
291 1607 440 1678 Euripideis
452 1607 593 1678 sejungo),
611 1618 636 1658 et
647 1605 675 1658 id
688 1607 794 1677 quidem
806 1609 913 1670 merito;
929 1623 983 1660 non
996 1612 1064 1662 enim
1077 1610 1190 1682 laevum,

149 1684 195 1735 sed
208 1685 326 1736 dextrum
337 1686 450 1757 pedem,
464 1696 590 1757 tanquam
602 1685 761 1737 anteriorem
774 1697 799 1737 et
811 1683 1042 1759 praegredientem,
1054 1691 1154 1743 nudum
1164 1706 1192 1745 et

147 1765 298 1836 expeditum
312 1783 369 1819 esse
380 1766 485 1818 debere.
504 1768 674 1818 Contrarium
694 1769 781 1817 ta'men
800 1781 927 1837 sequutus
939 1779 979 1820 est
991 1769 1128 1842 Virgilius,
1141 1792 1190 1826 nec

147 1845 234 1896 minus
248 1859 326 1899 recte.
337 1847 406 1899 liam
420 1845 553 1917 Euripidis
565 1843 736 1916 reprehensio
747 1845 856 1916 proprie
869 1843 903 1898 ad
915 1849 1045 1900 rationem
1059 1849 1190 1918 adjectam

148 1923 179 1977 οἷς
192 1923 310 1992 ι’λιφρίξον
326 1922 381 1990 γόνυ
400 1923 471 1990 lecestr
488 1936 607 1996 spectat:
629 1935 654 1975 et
671 1925 805 1975 sinistrum
821 1941 881 1976 erus
895 1938 966 1977 reete
979 1925 1074 1978 nudari
1086 1933 1189 2000 poluit,

149 2001 367 2072 quandoquidem
380 2013 455 2051 scuto
465 2003 613 2074 tegebatur.
624 2000 664 2052 lta
673 2001 706 2052 de
717 2004 805 2072 prisca
814 2003 993 2054 Romanorum
1005 2004 1098 2057 militia
1108 2009 1191 2080 Vege-

149 2079 201 2129 tius
218 2079 264 2130 lib.
278 2081 303 2144 I,
317 2099 339 2129 c.
360 2095 392 2129 oo
406 2079 508 2130 Pedites
523 2079 633 2144 rantuli,
645 2089 741 2148 prater
755 2079 934 2148 cataphractus
949 2089 975 2132 et
989 2079 1092 2154 paleas,
1110 2087 1190 2138 etium

143 2159 247 2228 ferreas
259 2173 344 2209 ocreas
354 2159 382 2208 in
395 2157 494 2208 dextris
507 2157 629 2208 cruribus
642 2167 795 2228 coperentur
804 2157 929 2229 accipere.
944 2161 978 2210 cf.
992 2159 1061 2231 Llps.
1076 2163 1109 2214 de
1121 2165 1190 2218 Mili·

149 2239 187 2288 tin
198 2237 339 2290 Romanor.
351 2239 403 2302 lli,
417 2253 441 2306 7.
454 2237 574 2306 Utraque
583 2235 650 2288 adeo
659 2237 727 2288 ratio
735 2253 785 2286 usu
793 2249 819 2287 et
827 2237 937 2288 consilio
950 2237 1109 2293 defenditur.
1122 2246 1190 2296 Nam

148 2335 198 2370 nec
210 2319 296 2369 minus
310 2316 387 2370 levus
397 2335 442 2388 pes
449 2357 456 2382 ,
471 2317 553 2387 quiin
564 2315 651 2388 produ
663 2314 774 2365 militari
780 2313 923 2386 jaculantis
934 2313 974 2369 vel
983 2320 1102 2390 supinam
1114 2324 1191 2374 emit·

148 2397 225 2448 tentis
236 2398 353 2448 anterior
361 2410 413 2463 est,
425 2398 436 2465 (
443 2407 472 2447 ut
485 2397 532 2447 ini.
544 2395 584 2459 X,
599 2395 648 2464 587
660 2396 774 2466 projecto
786 2395 849 2446 dum
864 2397 930 2466 pede
943 2395 1006 2449 levo
1018 2409 1093 2470 aptat
1103 2419 1128 2454 se
1137 2421 1190 2474 pn-

144 2477 216 2548 qnoe)
224 2495 305 2547 quum
315 2490 390 2529 scuto
400 2477 452 2548 tegi
462 2491 516 2526 non
524 2482 624 2544 posset,
636 2490 715 2526 ocrea
727 2475 823 2525 muniri
836 2479 923 2546 potuit
936 2493 967 2528 ae
980 2475 1079 2530 debuit.
1091 2479 1188 2534 Verum

148 2556 229 2606 etiem
242 2557 263 2606 si
276 2569 350 2606 scuto
363 2563 508 2628 tegeretur,
520 2553 562 2605 vel
574 2554 612 2604 sic
624 2565 711 2605 tumen
724 2553 768 2604 ille
784 2569 864 2605 ocrea
876 2555 972 2606 muniri
985 2559 1085 2626 potuit,
1099 2558 1190 2618 dexter

147 2633 259 2700 nudari,
274 2635 381 2706 quando
396 2637 423 2686 in
435 2633 520 2707 gradu
537 2633 646 2685 militari
665 2632 708 2685 hin
728 2645 800 2685 retro
818 2634 967 2701 ferebatur,
979 2635 1059 2688 ltevus
1075 2642 1191 2698 anterior

147 2725 216 2774 erut3
228 2725 257 2763 ut
270 2731 293 2764 v.
307 2733 330 2765 o.
344 2716 370 2764 in
383 2711 531 2785 gladiatore
551 2713 577 2762 in
599 2726 680 2782 opere
693 2709 784 2784 figlino
803 2711 887 2780 (terra
905 2714 989 2786 cotta)
1003 2733 1126 2787 expresso
1146 2737 1188 2788 ap.

148 2793 279 2844 Eminent.
295 2793 373 2845 Gard.
387 2792 479 2863 Steph.
494 2792 589 2864 Borpio
601 2793 628 2842 in
639 2791 733 2842 Museo
746 2790 896 2858 Veliterno,
912 2793 1055 2861 (Guattnni
1068 2797 1189 2848 Monnm.

147 2881 202 2922 unt.
222 2872 289 2922 ined.
311 2891 334 2924 a.
357 2873 431 2940 1787.
453 2871 489 2920 M.
506 2871 579 2921 Maio
597 2869 652 2920 tab.
675 2871 709 2920 Ill
728 2882 752 2921 et
769 2889 796 2940 p.
822 2870 869 2936 43,
886 2870 926 2935 45.
953 2872 994 2921 An
1013 2857 1197 2944 anaglyphum*

149 2949 185 2999 N⁰
198 2950 245 3001 132
258 2947 619 3020 opudWincltelmon.Mot1.
634 2957 688 2998 ant.
700 2948 850 3000 hucvoeari
862 2951 960 3019 possit,
970 2948 1081 3020 dubito:
1095 2951 1191 3004 Achilli

148 3029 227 3079 armis
240 3031 331 3079 sumtis
345 3028 456 3079 alterato
468 3043 575 3078 oeream
589 3027 661 3077 orori
673 3027 821 3078 circumdat
831 3029 921 3080 nescio
935 3029 1019 3098 quis.)
1031 3029 1091 3080 Alio
1103 3048 1190 3096 sensu,

147 3106 256 3175 (eontra
266 3122 344 3177 quom
355 3105 490 3158 statuebat
501 3105 587 3178 Toup.
598 3103 736 3156 Emendat.
749 3107 776 3157 in
786 3105 894 3158 suidam
903 3109 979 3157 Tom.
990 3109 1015 3172 I,
1024 3126 1051 3179 p.
1064 3110 1130 3177 310,
1141 3111 1188 3161 311

147 3189 175 3236 in
187 3185 332 3257 Kaplbdxrr)
343 3185 378 3252 rii
390 3182 504 3252 ἀριστερᾷ
512 3181 570 3234 nott
581 3183 711 3250 προβαίνων
725 3183 908 3255 accipiendum
921 3197 976 3236 erat
989 3184 1061 3256 opud
1072 3186 1193 3260 Xenoph.

148 3268 177 3316 in
187 3265 248 3336 Cyri
261 3265 352 3335 exped.
367 3265 417 3328 IV,
429 3281 442 3314 2
457 3273 538 3328 extr,
551 3261 597 3313 ubi
605 3261 638 3313 de
646 3261 767 3312 barbaris
777 3261 919 3334 grandiore
927 3279 1002 3314 ereus
1012 3282 1108 3334 genere
1118 3277 1193 3317 uten.

147 3344 217 3394 tibus
229 3363 235 3392 ε
249 3337 319 3394 sltem
331 3339 360 3393 dl
373 3338 415 3398 τὰ
428 3337 521 3409 rtvpde,
534 3337 604 3391 irrina
616 3337 727 3405 referitur
736 3339 943 3412 (adeoquedum
956 3359 1044 3393 areum
1057 3343 1193 3397 intendere

147 3424 305 3495 volebant,)
321 3419 374 3491 rrple
390 3420 417 3475 ‘ri
430 3419 494 3473 seire
512 3422 555 3473 roi
569 3418 639 3487 τόξον
653 3423 688 3487 rii
703 3422 813 3490 alprortpnl
831 3421 887 3473 ποθὶ
905 3421 1076 3491 προβιίνοντις,
1090 3425 1192 3478 sinistro

147 3504 214 3574 pede
224 3505 251 3555 in
263 3505 345 3554 imum
355 3521 446 3554 arcum
455 3501 508 3572 (se.
520 3502 593 3553 humi
605 3503 775 3574 impositum)
789 3503 900 3555 immisso
909 3542 918 3570 ,
928 3505 1023 3554 virium
1034 3502 1193 3576 colligenda·

148 3601 207 3634 rum
220 3601 321 3636 caussa.
334 3583 450 3634 Illustrat
459 3601 515 3634 rem
530 3583 634 3634 Arrium
647 3573 729 3633 ludio.
747 3583 778 3634 16
790 3580 847 3632 αλλ’
856 3579 875 3632 ol
884 3579 926 3647 μὶν
939 3582 1004 3652 πεζοὶ
1021 3583 1112 3636 adraim
1125 3581 1192 3650 τόξον

148 3681 173 3714 nt
184 3663 273 3728 ι’χουοιι
285 3659 388 3728 ἰσόμηκες
396 3665 430 3729 σᾷ
442 3659 541 3730 qopt'mrt
552 3657 579 3712 oi
590 3657 670 3727 rien,
683 3660 723 3711 ael
732 3662 800 3712 τοῦτο
810 3659 874 3713 κᾶτα
889 3659 927 3712 irrl
941 3659 981 3715 mir
994 3663 1037 3727 'yt'ir
1048 3659 1140 3724 bimur,
1153 3657 1192 3713 rel

147 3747 181 3812 σᾷ
188 3743 245 3794 nodi
260 3745 293 3813 res·
308 3741 419 3812 riprorrpq'r'
429 3739 579 3803 ἐπιβάντα,
593 3739 662 3798 οὕτως
675 3738 834 3807 ἰκτοξιῦονσι,
847 3739 887 3794 rrrlr
901 3739 975 3816 πυρὴ
989 3741 1028 3794 tri
1038 3739 1106 3808 μίγα
1119 3743 1191 3794 inire

149 3820 325 3888 ἐπαγαγόντος.
334 3823 475 3886 Convenit,
485 3839 536 3873 neo
543 3835 630 3873 tamen
639 3839 747 3892 prorsus
756 3819 825 3873 idem
837 3834 886 3889 est,
897 3821 970 3892 quod
980 3825 1006 3872 in
1017 3823 1113 3874 tactina
1121 3822 1191 3874 Gre-

150 3919 241 3954 eorum
250 3915 319 3966 erat,
330 3901 464 3972 imprimi
475 3898 582 3962 leniret,
595 3911 670 3952 sento
680 3903 815 3971 projecto:
829 3899 862 3952 de
876 3917 929 3971 quo
938 3919 961 3950 v.
968 3901 1084 3972 bottiger
1095 3901 1192 3954 Varen-

146 3979 267 4054 pemiilde
280 3997 291 4032 t
303 3983 330 4032 Β.
341 3981 364 4032 3.
378 3981 414 4032 St.
423 3999 449 4053 p.
464 3981 506 4032 81.
516 3977 638 4033 Ceterum
645 3980 819 4052 Euripideum
830 3981 1007 4052 fragmentum
1015 3997 1046 4030 ex
1056 3979 1190 4052 Meleagro

147 4077 209 4134 post
221 4061 396 4116 Schraderum
409 4060 696 4117 illustraritVallienur.
712 4060 746 4115 od
762 4060 888 4114 Phoenios.
901 4079 963 4133 pag.
973 4061 1039 4134 623,
1053 4072 1078 4112 et
1090 4061 1117 4112 in
1128 4061 1194 4112 Dia-
