3028 4682
510 362 573 425 AD
596 360 797 425 LIBRUM
820 361 882 424 Vl.
1157 361 1215 427 251

214 484 302 538 Nolim
316 482 438 556 equidem
451 496 538 556 poetse
555 501 676 536 caussam
688 481 885 536 defendendam
904 484 1037 554 suscipere
1047 505 1053 546 ;
1065 483 1118 543 hoc
1131 498 1220 536 tumen

178 567 243 618 milri
257 569 295 618 sic
307 568 369 620 satis
381 565 527 636 intelligere
538 565 647 629 videor,
663 583 775 616 acumen
787 563 870 629 illud,
883 561 957 634 quod
968 563 1077 636 Virgilio
1090 567 1168 616 nimis
1184 565 1220 617 li-

176 647 303 700 beraliter
321 646 354 698 de
372 664 420 696 suo
440 647 560 698 tribuunt
576 647 626 697 riri
640 643 729 709 docti,
749 658 778 697 ut
797 643 893 696 callide
910 662 1017 696 mouere
1029 645 1158 710 voluerit,
1171 648 1222 698 ista

178 730 269 780 omnia
283 727 316 780 de
331 729 424 778 inferis
440 739 548 778 narrata
564 745 614 797 pro
627 727 736 778 somniis
753 738 780 778 et
790 725 889 778 fabulis
902 743 930 778 se
943 725 1057 788 babere,
1073 726 1106 779 ab
1119 745 1151 778 eo
1164 745 1221 780 esse

179 807 375 859 alienissimum.
394 809 450 859 Nec
467 809 494 858 in
511 807 599 858 verbis
612 809 755 878 quicquam
767 819 820 872 est,
834 805 908 877 quod
920 825 951 858 eo
964 822 1013 857 uos
1031 805 1221 871 adducat,ncc

180 888 208 938 in
221 888 370 952 sententiis,
383 907 432 939 nec
445 888 473 938 iu
485 901 571 958 poetae
581 886 702 939 consilio.
715 885 767 938 Sed
780 887 839 957 ipsa
851 904 892 938 res
904 884 1013 939 deduxit
1027 905 1087 939 eum
1103 887 1130 937 in
1144 887 1222 938 talem

179 966 284 1033 locum,
294 967 365 1019 unde
377 968 474 1039 pedem
484 970 584 1020 referre
595 986 650 1019 non
662 981 715 1020 tarn
727 967 805 1020 facile
817 980 881 1019 erat.
892 965 1052 1018 Educendus
1060 981 1117 1020 erat
1125 968 1221 1019 AEneas

179 1066 211 1099 ex
221 1047 286 1099 locis
301 1049 392 1102 inferis
405 1068 453 1120 per
467 1049 547 1100 aliam
560 1061 684 1119 portam,
694 1065 774 1118 quam
790 1065 842 1117 qua
852 1047 979 1100 subierat.
995 1047 1091 1100 Incidit
1102 1059 1181 1118 poeta
1193 1047 1221 1097 in
1249 1043 1256 1054 “

178 1140 271 1196 portas
287 1126 385 1178 Somni.
404 1128 464 1179 Jam
481 1145 518 1180 ee
534 1124 656 1198 duplices
673 1137 750 1190 sunt,
769 1126 870 1190 altera,
888 1135 1028 1197 perquam
1045 1125 1109 1177 veris
1126 1122 1223 1175 umbris

179 1207 263 1257 exitus
276 1203 368 1268 datum
382 1225 430 1277 per
442 1207 511 1258 hano
523 1208 619 1258 AEnens
631 1218 658 1258 et
669 1205 784 1277 Sibylla,
795 1224 853 1278 que
871 1223 926 1256 non
937 1219 1013 1258 erant
1027 1222 1092 1256 verte
1104 1204 1201 1255 umbre
1213 1241 1221 1267 ,

179 1286 263 1336 emitti
277 1285 438 1356 nequibaut;
452 1285 569 1338 restabat
585 1287 694 1356 itaque,
707 1296 796 1356 utper
811 1285 920 1336 alteram
937 1299 1042 1356 portam
1058 1284 1223 1336 dimitteren-

179 1375 232 1416 tur.
244 1365 331 1436 Atque
343 1364 396 1417 hoc
407 1377 489 1436 poeta
501 1365 607 1436 posuit,
620 1378 666 1416 aut
677 1383 772 1436 parum
783 1383 897 1430 mernor,
911 1362 1047 1437 quidinde
1057 1375 1223 1434 sequeretur,
1303 1373 1310 1384 ¹

178 1443 201 1492 si
213 1441 307 1494 eadem
319 1443 356 1495 illi
373 1457 449 1514 porta
465 1463 525 1496 cum
541 1443 655 1496 Somniis
670 1445 746 1496 runis
764 1457 790 1495 et
806 1443 880 1496 falsis
900 1444 1091 1507 educerentur,
1110 1456 1155 1494 aut
1172 1441 1224 1492 luit

176 1518 229 1572 lroc
242 1523 311 1574 inter
327 1541 374 1588 ea,
387 1542 445 1595 quse
458 1524 535 1574 Maro
549 1522 737 1576 emendaturus
752 1535 825 1588 erat,
838 1525 859 1574 si
877 1524 996 1576 licuisset
1007 1521 1059 1592 (r),
1071 1535 1132 1586 aut,
1149 1519 1222 1594 quod

177 1616 277 1668 ponere
294 1601 400 1668 malim,
416 1615 524 1673 poetam
541 1605 656 1654 tenuisse
666 1598 924 1654 Aristoteleausmiou
940 1602 981 1652 rei
999 1598 1221 1668 spsduiporseffle

176 1677 283 1730 Poetice
298 1699 320 1730 c.
337 1680 388 1752 25)
406 1697 463 1734 esse
481 1680 534 1732 hoc
553 1681 622 1732 inter
636 1679 755 1748 &papulae
770 1675 837 1732 sauri
850 1676 1008 1744 evustsssssir,
1025 1678 1052 1730 lr.
1070 1699 1093 1731 e.
1115 1697 1169 1730 non
1187 1675 1222 1728 ad

179 1771 262 1808 artem
270 1772 366 1831 poeste,
374 1773 400 1813 et
407 1763 531 1814 carminis
542 1762 716 1812 oeconomiam
725 1759 777 1814 hoc
788 1773 923 1831 spectum
934 1758 982 1812 sed
990 1758 1224 1831 reprehensionem

177 1839 260 1906 petia
278 1856 306 1890 re
321 1852 347 1890 et
363 1842 539 1912 cogitatione,
552 1853 579 1892 et
595 1859 655 1892 cum
675 1839 733 1892 aliis
749 1840 829 1894 rebus
848 1840 1065 1912 comparatione,
1080 1857 1138 1910 quse
1150 1847 1224 1888 extra

179 1917 304 1969 carminis
315 1931 500 1990 argumentum
509 1922 599 1993 posita
610 1923 653 1972 sit.

215 1997 276 2048 Non
291 1998 398 2067 quidem
416 1999 511 2070 aliquis
527 2001 555 2051 in
571 2013 710 2051 numerato
728 1999 829 2052 babere
845 2011 934 2070 potest
951 2019 998 2062 ea,
1011 2017 1069 2069 qun
1085 1997 1223 2060 Maronis,

181 2075 245 2127 dum
256 2075 312 2127 baec
322 2079 465 2145 scriberet,
478 2081 567 2130 animo
578 2092 640 2130 sunt
649 2079 790 2131 obversata
799 2101 806 2140 ;
816 2079 868 2130 hoc
880 2093 968 2131 tamen
981 2079 1089 2130 summis
1101 2093 1226 2126 nonnun-

183 2173 262 2226 quam
275 2157 387 2228 iugeniis
401 2159 506 2210 evenire
518 2158 594 2223 solet,
604 2170 646 2222 ut,
655 2176 736 2228 quum
749 2156 829 2210 semel
840 2175 867 2208 se
877 2157 979 2227 laqueis
989 2159 1067 2210 certis
1080 2155 1224 2218 induerint,

182 2249 208 2287 et
220 2235 360 2308 caliginem
372 2237 423 2290 sibi
441 2238 548 2290 offundi
564 2239 636 2308 passi
652 2239 721 2299 sint,
734 2239 772 2289 ite
783 2239 922 2290 caecutiant
933 2237 1082 2305 (interdurn
1095 2233 1149 2290 tm
1161 2249 1227 2283 soss-

181 2309 264 2369 so'russ
276 2317 350 2381 λιμᾷν
362 2314 459 2370 dixeris
470 2335 530 2368 cum
542 2315 685 2386 comico),
697 2327 726 2367 ut
738 2317 816 2367 etiam
829 2315 872 2379 id,
886 2315 959 2386 quod
970 2315 1029 2367 aliis
1042 2315 1128 2365 minus
1140 2315 1225 2364 acutis

182 2406 227 2444 aus
240 2395 383 2465 ingeniosis
401 2399 429 2447 iu
449 2395 542 2448 oculos
561 2399 696 2462 incurrat,
709 2394 919 2447 animadvertere
931 2407 1080 2464 nequeant:
1095 2411 1148 2464 qua
1164 2395 1225 2464 qui-

182 2471 242 2524 dem
255 2491 283 2524 re
299 2476 410 2527 sanitati
422 2474 518 2527 horum
531 2475 668 2528 bominum
682 2489 810 2546 tanquam
822 2473 870 2526 ala
883 2474 947 2526 addi
962 2472 1065 2538 solent,
1078 2471 1174 2544 quibus
1186 2470 1226 2522 illi

182 2553 317 2606 evolantes
327 2572 429 2608 summa
439 2557 545 2628 ingenia
557 2557 628 2608 infra
637 2573 664 2608 se
673 2557 771 2628 posita,
784 2567 811 2607 ct
819 2554 892 2606 humi
903 2556 1023 2626 repentia
1033 2553 1171 2624 despectui
1179 2551 1228 2602 bn-

181 2632 269 2684 beant.
289 2635 390 2702 Quidni
406 2637 476 2688 enirn
490 2649 571 2709 poeta
587 2638 696 2689 AEneam
717 2636 850 2689 educebat
866 2635 956 2688 eadem
973 2645 1066 2706 porto,
1084 2653 1138 2706 quo
1151 2651 1227 2704 purte

180 2713 277 2766 onimoe
296 2717 323 2768 in
336 2735 444 2788 corporo
459 2737 526 2770 nova
537 2719 738 2771 suntexituroe?
749 2718 830 2786 Cujus
846 2731 929 2788 porte
942 2719 1050 2770 omnino
1065 2716 1140 2768 nulla
1155 2717 1226 2766 luctu

181 2806 222 2845 cst
240 2797 348 2846 mentio.
362 2797 443 2868 Atqui
459 2797 534 2849 Plato
551 2817 584 2850 ca
600 2800 627 2849 in
644 2817 672 2849 re
686 2797 816 2870 tigmentis
834 2799 888 2848 suis
902 2797 995 2866 praeire
1012 2808 1132 2866 poterat;
1148 2806 1194 2845 aut
1205 2796 1228 2844 si

181 2871 248 2924 duas
261 2889 350 2943 portas
365 2895 586 2929 commemorasse
601 2893 668 2949 opus
682 2891 754 2942 erat,
766 2877 859 2948 quidni
876 2877 936 2928 illas
950 2876 1057 2948 piorum
1073 2875 1115 2926 sel
1134 2875 1228 2945 impio-

180 2969 239 3000 rum
251 2952 370 3004 Manium
383 2957 463 3006 exitui
475 2955 708 3009 destinabatilere
721 2969 750 3008 ut
760 2957 808 3027 pia
822 2969 849 3008 et
861 2955 944 3027 impia
960 2960 1075 3019 somnio,
1089 2954 1116 3005 b.
1131 2972 1155 3005 e.
1169 2971 1227 3003 um-

181 3028 264 3092 bras,
290 3044 421 3084 memorat
441 3033 560 3103 Propere.
587 3037 623 3085 tv
631 3071 639 3098 ,
667 3052 695 3103 7,
714 3035 746 3106 87
766 3052 825 3106 sqq.
847 3036 885 3086 lta
914 3052 1020 3105 quoque
1034 3032 1123 3085 Valer.
1139 3029 1178 3082 ΕΙ.
1198 3031 1227 3094 1,

181 3105 233 3159 833
245 3123 284 3175 sq.
301 3107 367 3160 duas
388 3122 480 3180 portas
494 3112 557 3163 Orci
570 3113 650 3178 iacit,
664 3129 775 3183 quarum
790 3132 843 3164 una
859 3113 953 3185 vulgus
970 3115 1134 3172 animarum,
1145 3108 1228 3162 altera

180 3185 232 3256 pii,
244 3184 278 3236 ad
290 3187 392 3238 inferos
407 3187 580 3242 descendunt.
594 3193 702 3243 Homeri
717 3209 824 3262 quoque
837 3191 895 3244 due
907 3204 990 3262 porte
1005 3193 1032 3243 in
1044 3188 1228 3262 Nympharum

182 3275 259 3314 antro
274 3263 372 3337 Odyss.
388 3287 413 3332 r,
431 3283 479 3335 109
494 3285 568 3338 sqq,
585 3269 670 3320 ultera
684 3269 718 3320 ad
732 3270 841 3322 boream
853 3287 944 3335 versa,
962 3283 988 3322 et
1004 3268 1157 3321 bominibus
1176 3267 1230 3318 lre·

182 3355 325 3412 quentata,
345 3344 431 3397 altera
448 3345 483 3397 ad
500 3359 631 3409 austrum,
650 3359 676 3400 et
695 3347 745 3398 diis
762 3361 863 3400 tantum
885 3347 1025 3414 adeunde,
1041 3365 1125 3398 novas
1142 3363 1231 3398 rerum

181 3423 307 3494 imagines
318 3425 454 3494 subjicere
466 3428 585 3496 potuisse
595 3425 727 3479 ridentur.
739 3426 791 3480 Sed
801 3429 865 3480 satis
875 3427 908 3477 de
917 3425 975 3489 bis,
988 3423 1020 3478 ue
1031 3439 1057 3476 et
1069 3427 1120 3497 ipsi
1134 3419 1185 3492 ὄναρ
1195 3419 1230 3473 δι’

181 3500 303 3568 usqam:
316 3503 435 3562 ineundis
445 3526 553 3560 narrare
566 3506 705 3560 uideamur
715 3507 761 3579 (a)

213 3661 247 3719 (r)
259 3659 308 3706 lior
323 3675 363 3708 aut
375 3663 450 3710 simile
464 3665 522 3728 quid
534 3666 680 3713 obuersatum
730 3666 794 3713 nulla
811 3666 966 3713 luxuriantius
982 3677 1149 3728 persequutoris
1168 3680 1230 3722 esse,

183 3745 231 3777 esse
240 3731 310 3778 rideo
315 3735 393 3780 animo
400 3732 681 3797 elegantissimiilrisanni,
730 3737 813 3784 lubens
823 3753 936 3798 agnosco,
949 3737 1046 3800 ejusque
1056 3739 1090 3782 rei
1101 3739 1191 3784 reniam
1202 3738 1232 3782 ab

181 3805 222 3865 qui
237 3818 312 3866 nuper
325 3805 476 3853 Wsrburtoui
489 3811 627 3854 seutentiam
641 3825 682 3855 es·
730 3823 798 3872 equo
811 3807 899 3854 lectore
912 3805 1014 3870 postulo.
1032 3807 1131 3854 iliriliee
1142 3823 1193 3864 sne,
1209 3819 1234 3854 et

181 3877 268 3935 cussit(
278 3876 371 3924 Critr'cul
380 3877 445 3924 Olss.
455 3895 484 3926 on
497 3878 532 3925 tlte
544 3879 608 3926 Steti
622 3880 682 3928 Book
730 3896 801 3944 quern
817 3895 864 3926 non
884 3877 972 3925 aliurn?
987 3877 1043 3924 inde
1057 3891 1069 3922 a
1083 3893 1158 3940 puero
1170 3877 1231 3923 deti·

182 3947 211 4009 ‘ff
216 3945 251 3992 tlte
260 3949 349 3994 AEner'd.
359 3966 384 4013 p.
395 3951 422 3996 5⁵
434 3952 449 4009 l.
731 3966 804 3997 nuere
822 3949 990 4012 disputationes
1008 3946 1055 3994 illre
1074 3959 1179 3995 veterum
1202 3949 1231 3995 de

212 4020 246 4078 (a)
261 4019 346 4066 Paullo
358 4021 467 4068 licentius
481 4037 517 4068 me
529 4021 587 4068 mibi
601 4025 625 4068 in
637 4023 683 4068 Er·
730 4021 800 4067 rebus
819 4019 913 4076 inferis,
934 4031 957 4066 et
976 4021 1122 4082 opinationes
1142 4018 1172 4065 dc
1190 4023 1230 4075 iis,

181 4089 286 4137 cursibus
295 4089 365 4155 hujus
377 4091 431 4138 libri
441 4091 577 4148 indulsisse,
590 4105 613 4140 et
621 4107 681 4140 non·
731 4107 784 4156 quse
793 4103 845 4155 post
854 4103 951 4138 mortem
962 4091 1089 4138 obventura
1099 4101 1159 4136 sums.
