3022 4682
299 398 358 464 106
543 397 577 457 P.
602 393 831 458 VIRGlLll
855 391 1087 457 MARONIS

293 520 346 585 Bis
358 518 470 607 patriae
483 514 631 600 cecidere
644 539 770 580 manus.
782 515 870 597 Quin
884 533 1042 604 protenus
1055 514 1166 580 omnia

293 624 504 712 Perlegeteut
516 622 636 701 oculis,
649 623 682 685 ni
692 622 760 712 jam
773 621 959 710 praemissus
972 619 1112 686 Achates

292 728 445 808 Adforet,
458 746 557 818 atque
570 751 635 792 una
648 727 762 792 Phoebi
774 728 963 816 Triviaeque
975 727 1143 808 sacerdos,

292 834 468 924 Deiphobe
481 835 610 913 Glauci,
624 834 711 898 fatur
724 857 797 924 quae
810 834 884 898 talia
897 835 985 922 regi:

275 999 277 1004 .
297 971 311 1000 «ι
323 946 396 1006 Non
409 941 472 1006 hoc
486 942 545 1005 ista
558 940 619 1006 sibi
632 957 763 1030 tempus
776 940 962 1029 spectacula
973 941 1089 1028 poscit.

291 1050 321 1112 N
325 1071 389 1112 unc
401 1070 499 1135 grege
511 1046 553 1111 de
566 1049 688 1114 intecto
701 1066 828 1136 septem
841 1063 982 1112 mactare
991 1047 1153 1137 juvencos

292 1154 495 1231 Praestiterit,
508 1153 648 1218 totidem
660 1155 760 1220 lectas
773 1153 815 1218 de
828 1175 920 1218 more
932 1151 1087 1218 bidentis.
1100 1182 1113 1212 a

292 1259 428 1323 Talibus
441 1257 550 1323 adfata
561 1262 777 1344 AEnean(nec
789 1283 878 1324 sacra
891 1276 1063 1323 morantur
1287 1271 1338 1330 η’μι

291 1367 311 1432 J
315 1388 388 1432 ussa
401 1365 480 1448 viri)
491 1366 639 1430 Teucros
651 1383 746 1431 vocat
758 1367 821 1430 alta
835 1367 868 1428 in
882 1364 1003 1452 templa
1016 1363 1178 1431 sacerdos.

339 1471 491 1535 Excisum
506 1470 658 1536 Euboicae
671 1472 755 1536 latus
768 1473 883 1559 ingens
896 1471 987 1558 rupis
1000 1471 1033 1532 in
1046 1486 1193 1550 antrum;

292 1579 368 1660 Quo
381 1575 436 1640 lati
449 1574 575 1642 ducunt
586 1576 694 1642 aditus
706 1594 855 1657 eentum,
869 1577 952 1640 ostia
963 1591 1113 1656 centum;

325 1732 363 1778 33.
379 1737 452 1780 omnia
468 1735 675 1782 Grammaticorum
692 1748 714 1782 et
727 1738 868 1799 optimorum
883 1733 967 1790 codd„
981 1734 1067 1797 quibus
1081 1733 1161 1796 fragm.
1176 1733 1251 1780 vatic.
1266 1733 1341 1791 adde,

295 1816 329 1851 est
345 1805 423 1852 lectio.
442 1825 463 1854 v.
484 1809 545 1854 Pier.
564 1821 587 1855 et
603 1809 697 1864 lisine,
714 1821 740 1853 ut
756 1823 798 1870 per
816 1808 930 1872 synizesin
947 1805 1035 1852 scilicet
1049 1803 1196 1851 efferendum
1212 1807 1241 1850 sit
1256 1810 1339 1870 omnja.

294 1875 452 1922 librariorum
474 1880 565 1924 inscitia
586 1881 684 1924 mutavit
703 1880 726 1922 in
747 1892 823 1933 omne,
844 1876 909 1939 quod
929 1878 979 1938 ipse
1000 1876 1116 1922 llomanns
1135 1875 1220 1932 habet,
1240 1891 1342 1931 omnem,

293 1963 384 2002 omncs,
402 1965 473 1995 emite.
489 1951 515 1995 ln
533 1950 584 1998 Ald·
601 1967 637 2012 pr.
653 1961 702 1997 erat
718 1965 820 1996 omnem:
836 1949 877 1994 sed
892 1951 940 2011 jam
954 1947 984 1993 atl
1000 1946 1087 1993 calcem
1101 1949 1179 2009 operis
1192 1946 1263 1992 Aldus
1273 1950 1342 2009 jussit

296 2017 391 2064 ecodd.
409 2018 488 2080 legere
499 2023 585 2076 omnm,
601 2020 664 2083 quod
679 2032 799 2082 receptum
816 2022 841 2064 in
853 2019 925 2065 alters
942 2018 999 2064 edit.
1016 2016 1068 2063 Altl.
1084 2033 1096 2064 e
1115 2019 1232 2063 Prisc-iano
1244 2017 1343 2064 firmasit

293 2089 434 2134 Benedictus
448 2091 472 2135 in
490 2091 527 2136 ed.
541 2093 606 2136 lunt.
619 2115 650 2126 -·
661 2090 699 2146 34.
718 2089 856 2154 Pelleqerersl
872 2107 885 2135 a
900 2087 999 2151 Virgilio
1015 2087 1086 2134 luisse
1101 2099 1233 2142 exaratum,
1247 2097 1342 2132 comen·

293 2161 329 2206 dit
342 2162 465 2208 Terentius
477 2165 576 2210 Scaurus
592 2163 621 2210 de
641 2162 820 2224 Orthographia.
842 2163 876 2208 Νι
892 2177 949 2208 vero
961 2158 1084 2224 perkqtret
1098 2159 1247 2206 scribendum
1261 2170 1343 2220 putes,

292 2245 333 2289 ut,
345 2232 431 2280 Achate
441 2237 574 2297 premisso,
585 2234 648 2281 solus
661 2237 742 2281 rEneas
754 2234 783 2280 ad
794 2233 905 2297 templum
920 2233 1042 2287 restiterit,
1052 2229 1238 2286 recordandum,
1249 2231 1342 2275 AEneam

293 2303 402 2367 pluribus
413 2306 537 2351 comitibus
545 2309 635 2352 exiisse.
648 2306 701 2350 llos
714 2323 734 2351 v.
748 2305 778 2362 40
791 2307 838 2350 Nec
851 2319 916 2350 sucro
929 2311 1046 2350 curantur
1056 2302 1124 2345 Iussa
1134 2301 1185 2354 virt,
1195 2324 1226 2335 -
1236 2297 1273 2344 36.
1284 2299 1342 2344 Dei-

291 2374 385 2438 phaebe,
398 2375 510 2439 Deiphobe
519 2379 627 2424 aberrant
640 2377 736 2422 librarii.
750 2379 778 2422 At
790 2388 824 2422 cst
836 2372 943 2434 Δηιφὸβι.
956 2390 1008 2438 quoe
1015 2373 1085 2436 fittur
1098 2372 1189 2434 hleuafl.
1206 2387 1257 2434 pr,
1267 2382 1341 2415 totum

293 2445 467 2492 hemistichium
480 2448 601 2494 nonnullis
611 2447 692 2492 deesse
709 2459 774 2492 notat
788 2445 870 2492 cerda.
888 2447 956 2491 Forte
971 2443 1095 2490 sustulerat
1107 2441 1206 2505 aliquis,
1216 2457 1272 2488 voce
1285 2445 1345 2504 mqr's

294 2515 407 2560 offensus.
418 2517 464 2561 Sed
475 2518 537 2562 idem
551 2521 631 2562 ¹Encas
643 2533 683 2562 res
696 2517 738 2562 inl.
750 2519 786 2562 55.
795 2532 847 2578 sup.
858 2516 883 2571 l,
895 2513 938 2571 544
949 2527 972 2561 et
982 2514 1012 2560 al.
1025 2515 1055 2560 cl.
1066 2516 1144 2559 Burni.
1154 2539 1184 2548 -
1193 2511 1231 2574 37.
1242 2510 1289 2556 ltoec
1301 2515 1344 2557 istu

293 2582 393 2628 Parrhasi
409 2596 506 2646 poscunt
515 2588 580 2632 Rom.
593 2599 616 2632 et
625 2587 709 2631 lledir.
717 2621 723 2641 ,
732 2586 769 2632 hic
780 2602 792 2630 a
802 2601 838 2648 pr.
850 2601 879 2630 m.
889 2618 897 2639 ,
906 2599 950 2630 nec
960 2583 1020 2629 male
1032 2599 1037 2628 t
1048 2593 1125 2646 potest
1134 2582 1194 2628 adeo
1206 2582 1344 2644 exquisitius

295 2652 383 2697 dictum
394 2653 467 2699 videri
477 2671 482 2699 :
494 2659 535 2700 istu
542 2655 670 2717 spectacula
679 2665 776 2718 poscunt
786 2655 829 2700 sihi
835 2671 879 2700 nou
890 2653 929 2700 hoc
943 2663 1041 2717 tempus,
1051 2653 1092 2700 sed
1102 2653 1174 2698 eliud.
1183 2651 1285 2697 Eandem
1295 2650 1345 2697 lec-

295 2725 383 2768 tionem
396 2726 491 2784 rrspirit
503 2729 575 2773 Servii
589 2739 651 2772 uota.
662 2730 733 2789 possit
749 2728 831 2771 Franc.
847 2729 910 2788 posci
919 2727 988 2771 etiam
1000 2723 1046 2786 legi
1061 2739 1127 2788 posse
1140 2725 1248 2770 Heinsius
1258 2723 1342 2768 siebat.

295 2819 327 2830 -
338 2793 375 2840 38.
388 2795 457 2840 Hunc
467 2797 540 2844 Franc
561 2811 627 2862 φήῃ
636 2799 664 2843 de
673 2799 738 2844 stiveo
747 2797 801 2844 edd.
813 2797 927 2844 hlacrohii
938 2799 967 2841 lV
980 2799 1026 2842 Sat.
1039 2812 1065 2853 a,
1078 2796 1149 2851 malt-3
1166 2811 1218 2841 rum
1231 2794 1276 2841 diis
1283 2795 1345 2840 inle-

295 2865 327 2910 ris
338 2879 401 2910 saera
411 2879 531 2928 parentur.
546 2887 565 2914 v.
577 2870 656 2914 lleins.
665 2894 690 2902 -
702 2869 741 2929 39.
755 2883 783 2912 et
795 2883 855 2914 more
865 2869 924 2913 Ven.
936 2867 982 2911 liri.
995 2879 1019 2912 et
1030 2867 1111 2928 fragm.
1123 2867 1197 2911 Vatis.
1207 2889 1237 2898 —
1246 2863 1284 2920 40.
1295 2880 1343 2909 mo·

296 2944 362 2980 ratur
370 2936 439 2982 Goth.
451 2955 486 3000 pr.
497 2942 537 2986 sed
544 2945 609 3004 jussu
617 2944 660 2986 oiri
667 2957 713 2985 non
726 2953 859 2994 morantur,
869 2939 991 2984 confestim
1007 2939 1150 3000 etpediunt,
1160 2935 1261 2999 paranda
1270 2951 1342 2982 sacra.

294 3004 372 3060 —4s.
384 3008 407 3050 in
418 3007 499 3071 templu
509 3009 555 3056 ulta
568 3028 603 3074 pr.
617 3011 743 3072 llamburp.
756 3035 786 3045 —
795 3009 833 3066 42.
846 3013 958 3056 cucusum
968 3025 1004 3071 pr.
1020 3007 1130 3054 hottend.
1140 3005 1218 3062 -43.
1237 3003 1287 3062 Quo
1306 3021 1341 3068 pr.

295 3157 444 3214 tactorum,
456 3151 503 3204 Ge.
516 3153 564 3220 lV,
578 3153 629 3220 sto
646 3154 743 3206 intaeta
758 3164 794 3205 to·

295 3225 377 3276 tidem
390 3230 629 3302 ceruicejunencas.
647 3231 723 3284 dictae
736 3231 794 3284 hos-

295 3303 339 3355 tt'oe
350 3305 465 3380 injupes:
477 3311 595 3362 Murrob.
608 3311 652 3376 lll,
661 3312 685 3362 5.
700 3311 748 3383 p.4
769 3311 792 3378 4.

295 3383 435 3455 Deiphobe
454 3403 540 3442 autem
558 3391 652 3443 Glauci
667 3389 721 3443 lilia
740 3410 794 3442 non

294 3465 365 3518 male
386 3466 489 3535 editur,
512 3473 638 3542 quoniam
661 3470 705 3523 ille
726 3472 795 3523 inter

296 3542 361 3596 deos
378 3549 503 3600 fatidicos
515 3550 675 3616 habebutttr3
687 3565 715 3602 ut
725 3551 794 3603 bene

296 3623 382 3676 Guell.
397 3631 507 3680 monuit.

332 3703 367 3768 40
383 3722 441 3775 sqq.
463 3709 593 3760 Locorum
614 3711 692 3760 situm
712 3722 738 3760 ct
754 3710 795 3759 fa-

296 3781 364 3831 ciem
374 3783 453 3851 plane
463 3785 574 3858 legentis
583 3790 671 3840 animo
679 3789 796 3857 eripiunt

297 3860 472 3930 interpretes,
494 3867 558 3918 dum
575 3867 620 3919 hic
639 3880 743 3919 antrum
768 3869 794 3916 in

298 3937 377 4009 adyto
394 3943 486 4012 templi
500 3945 525 3996 in
540 3945 652 3998 Cumani
670 3945 744 3997 collis
759 3945 796 3996 la-

296 4029 353 4069 tere
376 4022 492 4089 positum
513 4041 569 4076 esse
597 4037 698 4095 putant.
721 4024 796 4076 Tem·

295 4091 370 4164 plum
380 4097 510 4169 Apollinis
524 4117 579 4156 erat
590 4105 673 4155 monti
683 4106 794 4174 imposi-

844 3166 914 3218 tum,
935 3155 980 3225 qui
1003 3171 1062 3204 mox
1085 3151 1143 3204 urbi
1161 3147 1274 3201 condita
1292 3163 1342 3216 pro

844 3234 964 3304 acropoli
978 3234 1036 3285 tuit.
1047 3229 1127 3300 Quod
1136 3247 1207 3280 nunc
1215 3244 1345 3279 memora·

843 3323 887 3363 tur
899 3323 1005 3365 antrum
1017 3309 1139 3383 Sibylla,
1151 3310 1177 3358 in
1190 3307 1274 3357 latere
1286 3309 1344 3375 ejus

844 3395 941 3443 montis
956 3393 1087 3453 excisum,
1102 3405 1154 3438 non
1166 3385 1244 3455 longe
1265 3385 1298 3436 ab
1311 3405 1343 3437 eo

844 3471 904 3524 loco
925 3473 1017 3523 abesse
1033 3467 1133 3518 debuit.
1146 3463 1199 3515 tid.
1218 3465 1279 3514 Exc.
1298 3465 1342 3514 lll.

844 3551 885 3601 Atl
899 3549 950 3600 hoc
965 3559 1034 3598 nnnc
1049 3563 1080 3596 ett
1096 3541 1228 3614 Apollinis
1243 3542 1343 3613 templo

845 3629 953 3679 abducit
961 3627 1069 3678 AEncam
1078 3623 1184 3697 Sibylla.
1194 3622 1298 3676 Fallunt
1307 3625 1345 3674 vi-

844 3725 888 3757 ros
906 3705 998 3756 doctos
1011 3701 1065 3754 alte
1077 3703 1190 3776 templa,
1203 3721 1260 3774 quse
1272 3721 1345 3752 nunc

844 3803 898 3835 non
912 3798 972 3835 sunt
986 3784 1115 3855 Apollinis
1130 3785 1216 3850 tedes,
1231 3781 1278 3834 setl
1294 3801 1344 3834 au·

844 3877 913 3915 trum
924 3863 1036 3938 Sibylltc.

880 3945 1001 4014 42-44.
1021 3945 1144 3998 Euboicae
1159 3945 1230 4016 rupis
1245 3965 1252 3993 :
1268 3961 1345 3993 mon-

846 4025 911 4076 tium
929 4025 1109 4078 Cumanorum
1128 4023 1169 4094 (v.
1191 4023 1225 4075 atl
1242 4042 1266 4073 r.
1287 4023 1346 4094 2),

845 4105 872 4157 in
886 4105 982 4177 quibus
1000 4119 1038 4158 est
1052 4119 1173 4172 antrum,
1186 4103 1301 4156 excisum
1316 4103 1345 4154 in
