2996 4694
480 336 715 402 AENElDOS
739 338 894 404 LIBER
917 343 956 404 V.

195 458 247 524 Sic
260 459 359 541 fatus,
373 476 503 550 tergum
516 461 634 526 Gaetuli
647 461 779 526 inmane
791 459 896 528 leonis

194 565 259 630 Det
271 566 370 647 Salio,
384 565 470 632 villis
482 589 660 633 onerosum
671 585 771 658 etque
784 567 951 658 unguibus
961 571 1079 636 eureis.

195 671 259 735 Hic
272 674 381 752 Nisus,
399 673 455 739 «Si
468 689 570 752 tenta,
584 673 706 763 inquit,
719 692 797 740 sunt
809 676 944 764 praemie
956 667 1064 755 victis,

195 774 237 844 Et
250 791 282 840 te
295 769 462 866 lapsorum
475 780 625 857 miseret,
639 801 713 867 quse
724 803 863 846 munera
875 781 954 846 Niso

194 879 304 968 Digne
318 882 425 964 debis,
438 885 579 973 primam
592 885 698 948 merui
712 887 769 974 qui
781 885 878 952 laude
891 909 1064 967 coronam,
1199 899 1242 950 35⁵

195 985 237 1047 Ni
249 1009 319 1066 me,
333 1011 407 1078 quae
419 989 558 1070 Selium,
573 989 706 1054 fortune
719 991 850 1056 inimice
862 991 1033 1057 tulissetis

194 1091 237 1156 Et
249 1093 347 1158 simul
360 1093 412 1159 his
425 1092 520 1160 dictis
533 1096 653 1160 faciem
665 1095 865 1174 ostentabat,
879 1112 912 1160 et
925 1095 992 1162 udo

194 1195 321 1284 Turpia
331 1196 479 1262 membre
492 1198 581 1264 fimo.
596 1199 678 1264 Risit
690 1218 784 1287 peter
796 1201 941 1289 optimus
954 1201 1024 1282 olli,

195 1301 238 1366 Et
250 1301 396 1391 clipeum
409 1305 523 1369 efferri
531 1304 643 1394 jussit,
657 1304 873 1396 Didymaonis
885 1324 985 1388 artes,

195 1407 344 1496 Neptuni
356 1431 448 1475 sucro
461 1411 581 1476 Densis
594 1408 636 1474 de
648 1428 743 1499 poste
755 1411 912 1476 relisum:
1202 1429 1246 1476 360

196 1514 269 1578 Hoc
276 1515 435 1604 juvenem
449 1519 617 1606 egregium
629 1521 797 1608 proestenti
809 1542 949 1586 munere
962 1519 1072 1587 donat.

239 1624 330 1702 Post,
345 1622 402 1687 ubi
415 1625 702 1706 consentiemus,
716 1644 750 1692 et
763 1625 849 1692 done
862 1629 1007 1716 peregit:

198 1754 212 1784 a
226 1728 337 1807 Nunc,
350 1729 378 1795 si
390 1729 443 1794 cui
455 1731 573 1811 virtus,
587 1732 784 1824 animusque
797 1735 831 1798 in
843 1751 978 1822 pectore
990 1757 1149 1824 praesens,

193 1923 269 1978 sarit,
278 1939 331 1968 cum
341 1922 500 1972 nullusrodex
510 1941 600 1982 cuum,
610 1925 673 1992 quod
684 1926 761 1991 rulgg.
777 1928 832 1976 edd.
844 1929 935 1975 obsidet
949 1941 971 1975 et
983 1927 1104 1992 vulgarius
1117 1942 1164 1986 est,
1180 1929 1247 1976 erhi-

193 1989 260 2048 best,
279 1997 298 2040 si
314 1997 414 2056 primurn
435 2013 462 2042 ex
482 1997 595 2045 Gothanit
614 2000 715 2061 excipias
731 2015 784 2045 cum
803 1999 899 2048 Dorrill.
916 2003 1017 2044 misereri
1032 2002 1100 2045 etism
1118 2000 1227 2046 nonnulli
1239 2035 1246 2058 ,

195 2061 257 2108 inter
268 2080 327 2127 quos
339 2066 404 2111 llorn.
416 2067 519 2114 Omnino
530 2085 597 2115 casus
609 2073 712 2116 mtsemn'
719 2069 813 2132 plenius
827 2083 901 2117 sonet.
912 2096 944 2107 -
959 2071 1011 2126 354.
1025 2085 1077 2134 quse
1091 2074 1184 2134 premis
1196 2071 1247 2116 nte-

196 2131 243 2178 tlie.
254 2134 338 2181 lloret.
351 2151 397 2182 sec.
408 2150 430 2184 et
441 2139 532 2196 Coloe,
551 2157 580 2186 ex
594 2157 662 2187 versu
675 2154 750 2187 antee.
760 2167 791 2178 -
805 2143 858 2188 355.
872 2145 954 2188 meruit
965 2142 1013 2188 duo
1025 2158 1062 2204 sp.
1079 2143 1172 2198 Burm,
1190 2158 1248 2203 per-

196 2215 270 2266 petuo
279 2205 328 2252 lere
340 2205 407 2270 lapsu
418 2210 442 2252 in
453 2209 523 2255 simili
535 2210 659 2257 verborum
670 2213 757 2276 positu.
767 2237 799 2248 -
809 2211 862 2257 356.
873 2221 896 2257 et
906 2214 929 2258 S.
940 2211 1061 2258 nonnulle
1073 2211 1128 2257 edd.
1141 2225 1164 2256 et
1176 2211 1246 2258 rodel.

195 2298 229 2312 -·
240 2272 293 2338 357.
306 2279 435 2326 ostendebat
448 2279 558 2328 nonnulli
570 2298 606 2344 sp.
619 2283 698 2329 Burm-
712 2295 735 2330 et
749 2283 820 2329 Goth.
835 2299 881 2330 sec.
896 2281 1036 2330 morutrnbat
1052 2281 1136 2328 Mores.
1155 2298 1200 2328 sec.
1218 2307 1248 2320 -

193 2343 251 2390 1358.
270 2344 304 2390 illi
313 2348 426 2396 Medica
443 2365 473 2398 tn.
490 2367 527 2414 pr.
545 2352 670 2412 Quodnam
681 2355 774 2402 surium
787 2353 904 2418 judicium
922 2356 947 2400 in
965 2353 1010 2400 ltoe
1026 2365 1139 2416 sequutus
1150 2355 1194 2408 sit,
1212 2353 1250 2400 rel

197 2430 251 2478 post
262 2417 373 2476 Quinctil.
389 2421 467 2468 locum
479 2423 543 2480 Vffl,
558 2423 585 2478 3,
599 2424 640 2480 25,
657 2439 700 2471 nos
712 2423 776 2472 latet.
786 2451 819 2462 -
828 2425 881 2488 3⁵9.
894 2423 975 2488 offerri
989 2424 1079 2488 aliquot
1089 2423 1150 2470 Pier.
1166 2435 1189 2468 et
1203 2424 1250 2470 duo

197 2487 276 2534 Burm.
296 2489 378 2554 affini
394 2494 431 2540 ed.
448 2494 537 2542 Gener.
551 2493 613 2558 ferd
631 2494 711 2553 Lete,
727 2513 858 2560 perperam.
876 2495 1249 2552 Dsiiamonis,1)idamnont's,Di-

197 2558 321 2618 dsbmont's,
336 2576 359 2609 et
371 2564 435 2627 apud
449 2565 510 2612 Pier.
525 2565 693 2617 Dt'dumoeonis.
708 2566 771 2628 upud
784 2565 937 2614 Benedictum
952 2566 1000 2612 Psi.
1018 2566 1181 2625 Didymaonis,
1198 2580 1251 2610 cor-

198 2629 308 2693 rupteloe;
321 2648 374 2680 nam
387 2647 420 2682 est
430 2631 577 2696 nilominus.
590 2645 639 2684 arte
649 2650 696 2683 tres
705 2639 783 2684 Burin.
794 2647 866 2684 mum
877 2639 1009 2704 Romanus,
1020 2649 1043 2684 et
1055 2654 1092 2699 ap.
1103 2637 1182 2682 Burni.
1194 2637 1250 2681 Dor-

197 2701 248 2749 vill.
258 2738 266 2761 ,
277 2705 320 2750 sed
330 2709 454 2771 exquisitis
468 2707 566 2772 splursli
578 2723 678 2756 numero
689 2719 767 2756 arten
784 2709 808 2756 h.
822 2727 842 2758 e.
858 2725 925 2774 opus.
939 2735 971 2746 ··-
982 2709 1034 2756 363.
1047 2709 1099 2753 Huc
1112 2710 1133 2752 si
1142 2706 1194 2753 cod.
1207 2707 1250 2752 Ge.

196 2870 315 2923 dinesuo
326 2876 471 2944 premium.
484 2877 604 2948 Observa
616 2879 698 2930 etiarn
746 2877 863 2942 Danais,
877 2896 893 2929 a
905 2875 1020 2934 Μαίη
1040 2886 1066 2925 et
1079 2870 1252 2944 intelligimus

197 2953 303 3021 copiam
320 2953 460 3007 dictionis:
481 2975 605 3022 munera,
627 2974 697 3028 pror-
750 2953 798 3008 loc
807 2957 843 3007 nd
853 2957 968 3007 AEneam
983 2951 1099 3004 transisse
1108 2969 1158 3022 per·
1175 2949 1253 3001 Hele-

197 3029 270 3092 min,
291 3029 401 3101 palma,
432 3051 544 3100 corona,
575 3035 698 3099 honores,
749 3057 814 3088 num
827 3029 1147 3108 (sup.111‚465sqq.).nn
1158 3031 1251 3082 refert:

198 3105 285 3170 dm,
305 3111 438 3178 promissa.
452 3141 486 3150 -
499 3111 558 3166 355.
578 3113 638 3166 356.
660 3112 699 3164 Ni
748 3117 796 3171 sed
813 3130 840 3170 et
860 3117 956 3169 AEness
980 3131 1012 3165 ex
1036 3110 1136 3181 templo
1160 3109 1251 3181 aliquo

199 3201 285 3234 me-
289 3185 404 3255 fortuna
415 3187 513 3240 tulisset
519 3194 699 3263 ,mesprimo
749 3195 901 3248 Grecorum
920 3197 990 3246 inter
1013 3189 1130 3264 predum
1149 3189 1255 3240 auferre

198 3265 309 3338 premio
338 3265 503 3332 abstulisset,
533 3267 701 3336 abduxisset,
750 3277 853 3346 potuit,
871 3285 900 3324 ut
919 3272 994 3324 color
1008 3271 1043 3323 sit
1055 3267 1147 3320 similis
1164 3287 1195 3320 ac
1208 3266 1254 3322 lib.

200 3347 355 3417 exquisitius
369 3346 701 3419 qnnmvnlgererniior-
752 3354 801 3416 111,
815 3351 980 3405 ate-238.
1180 3351 1183 3358 '

199 3438 265 3477 turm
274 3425 339 3478 mihi
349 3429 492 3498 eripuisset
502 3428 640 3498 premium
652 3445 702 3498 pro
788 3431 837 3483 362
851 3457 886 3470 -
898 3429 959 3494 484.
983 3427 1072 3480 Etiam
1092 3441 1135 3493 sp.
1155 3423 1256 3475 Home·

201 3502 315 3557 laudeh.
328 3527 351 3560 e.
362 3509 460 3560 virtute
469 3509 497 3560 in
508 3525 597 3559 cursu.
606 3526 630 3558 v.
641 3506 701 3578 3⁵7.
752 3523 812 3560 rum
823 3507 958 3574 πυγμιχίι
974 3505 1003 3558 fit
1015 3501 1091 3556 llied.
1111 3501 1144 3568 ψ,
1158 3501 1206 3556 651
1221 3533 1255 3545 -

200 3585 258 3636 Hoc
280 3603 313 3636 sn
332 3585 438 3657 placere
459 3587 559 3660 possit,
575 3605 600 3638 v.
622 3585 656 3638 sd
677 3607 701 3638 v.
753 3589 813 3659 699.
827 3585 1017 3640 Certssitcum
1029 3595 1255 3656 poetarumpatre

201 3663 261 3735 3²7·
276 3665 311 3715 ci.
325 3665 399 3718 llistl.
412 3669 446 3734 ψ,
459 3667 518 3720 551.
532 3665 702 3738 781.-359.
753 3665 881 3738 Virgilius
893 3665 949 3716 fere
962 3667 989 3715 in
1002 3661 1125 3736 singulis,
1138 3674 1168 3713 ut
1180 3681 1255 3714 com-

201 3741 304 3814 clipens
313 3744 347 3795 ab
357 3745 470 3811 artifice,
482 3748 528 3818 qui
542 3747 620 3812 iecit,
631 3762 703 3799 com·
754 3743 877 3820 parando
889 3744 969 3797 facile
981 3742 1144 3814 intelligent,
1157 3743 1253 3813 quibus

202 3823 344 3876 mendntur
356 3823 366 3894 (
379 3825 413 3876 cl.
432 3827 466 3878 lli
482 3824 536 3878 net.
556 3827 589 3897 37
602 3826 628 3898 l,
648 3841 675 3880 et
687 3843 703 3878 a
752 3827 809 3880 hec
821 3842 983 3896 cognoscere
996 3823 1110 3875 lubitum
1123 3836 1179 3888 est,
1199 3839 1256 3874 mo·

203 3901 278 3968 loco,
302 3923 356 3974 quo
380 3905 468 3956 luernt
489 3923 646 3978 suspensus,
676 3908 704 3957 in
755 3903 1256 3970 dovarietete,nrodoornntu.0mnin0

163 3977 166 3983 ’
204 3981 322 4052 Neptuni
340 3985 440 4055 templo
460 4003 508 4056 pro
527 3985 657 4055 donario,
679 4001 705 4040 et
755 3987 889 4060 placuisse
900 3985 950 4038 sibi
961 3983 1065 4038 videtur
1074 3995 1156 4054 poete
1169 3982 1195 4032 in
1205 3981 1256 4032 hor

205 4061 278 4134 quod
303 4083 317 4116 e
341 4064 473 4116 manubiis
493 4077 557 4118 erat.
580 4065 704 4120 Servius:
756 4069 831 4134 loco,
848 4067 928 4120 etiarn
950 4067 982 4120 eb
1002 4063 1148 4138 Apollonio
1167 4061 1213 4112 lib.
1234 4057 1258 4110 ll

1268 3567 1285 3612 0
