2968 4696
301 387 363 457 368
646 375 913 444 EXGURSUS
937 379 989 444 tv

299 511 404 567 evenire
419 503 554 566 videmus,
571 517 603 552 cx
619 503 753 568 communi
764 503 846 572 stirpe
857 503 975 556 oriunda
991 503 1093 574 tribus,
1108 503 1178 562 locis
1189 525 1223 561 ac
1235 507 1367 562 sedibus

298 594 411 653 dissita,
424 603 495 639 novo
507 584 614 635 nomine
625 580 754 634 celebrati
766 581 860 633 solent.
878 585 976 636 Versus
991 585 1125 658 Iapygiam
1143 600 1169 641 et
1186 589 1223 641 ad
1241 591 1365 642 lonium

297 675 371 726 blare
383 669 515 721 habitasse
526 661 632 715 Cbonas
646 658 686 714 ris
695 658 832 726 :manaim
844 662 904 730 Σίμι
917 667 1074 719 Aristoteles
1091 668 1127 719 ait
1142 668 1160 720 l.
1181 689 1206 722 c.
1227 671 1265 722 cf.
1289 688 1359 741 sup.

296 755 358 807 lire.
371 750 431 802 xxl
446 747 480 800 ad
494 745 540 797 lib.
556 745 575 794 l.
588 741 658 794 Msle
670 759 701 794 ex
713 755 840 814 corrupto
855 742 983 816 Stephani
997 746 1057 799 loco
1075 749 1102 800 in
1115 746 1207 816 spinter
1225 751 1356 801 bruttios

296 837 396 908 primos
404 843 429 882 et
440 840 502 880 ante
511 824 656 878 Olinotrios
666 821 767 874 incolas
775 822 913 875 venditant
922 826 1053 894 nonnulli,
1062 839 1092 880 ut
1099 847 1185 901 nuper
1195 827 1353 892 Grimaldr',

296 916 336 968 vir
348 924 436 965 cetera
448 923 537 979 sagax,
547 903 589 973 (in
601 900 705 954 Annali
718 899 761 953 del
771 903 859 974 Regno
870 904 899 954 di
910 904 1011 976 Napoli
1023 908 1054 957 T.
1067 909 1079 960 l
1086 947 1095 974 ,
1105 927 1132 981 p.
1149 910 1206 961 131.
1224 911 1275 963 138
1289 911 1353 980 sq.)

296 994 406 1069 proprio
418 989 525 1041 nomine
534 983 692 1037 OEnotrism
703 982 847 1055 appellarit
859 983 919 1036 locu
931 989 1002 1039 circa
1013 989 1133 1040 AEsarum
1145 1003 1172 1043 et
1183 990 1350 1055 Crinisum,

295 1093 354 1148 que
366 1070 523 1124 Philoctetes
536 1063 632 1116 adiisse
644 1062 731 1114 dictus
743 1074 798 1126 est,
810 1063 968 1136 Lycophron
982 1084 1006 1116 v.
1019 1083 1049 1133 9¹
1059 1085 1081 1132 1,
1091 1085 1153 1139 9¹²·

329 1149 445 1221 Quando
456 1159 482 1200 et
492 1141 626 1217 quomodo
639 1141 741 1214 Pelasgi
749 1159 779 1192 ex
789 1141 830 1193 bis
840 1141 905 1193 locis
917 1143 950 1196 ad
960 1143 1119 1218 Aborigines
1127 1147 1187 1198 illos
1195 1148 1223 1198 in
1231 1146 1350 1197 Umbris

294 1237 404 1288 finitima
422 1244 534 1300 queque
554 1223 709 1276 infestantes
729 1224 916 1294 pervenerint,
938 1241 987 1276 nec
1005 1225 1063 1294 ipse
1082 1225 1222 1298 Dionysius
1238 1225 1348 1290 habet,

294 1313 368 1390 quod
380 1307 491 1371 aflerat,
504 1323 553 1358 nec
565 1322 606 1356 res
616 1321 664 1375 per
676 1320 704 1354 se
714 1303 777 1354 satis
787 1300 815 1352 lit
826 1301 982 1372 probabilis.
992 1304 1134 1372 Quomodo
1145 1307 1215 1358 enim
1223 1304 1260 1357 ad
1271 1306 1349 1358 ulte-

292 1400 366 1451 riora
378 1405 518 1464 progressa
529 1386 623 1456 exigua
635 1382 804 1454 Pelasgorum
816 1381 894 1434 turba
908 1401 957 1454 per
972 1395 1012 1434 tot
1028 1383 1158 1438 barbaros
1173 1385 1291 1458 populos
1307 1386 1346 1438 ad

294 1474 410 1528 mediam
419 1464 614 1539 usqueltuliam
626 1474 765 1534 penetrare
778 1459 1032 1531 potuisset?Verum
1044 1483 1076 1515 ex
1088 1476 1142 1517 tota
1154 1463 1275 1536 Dionysii
1285 1463 1348 1516 dis·-

293 1553 432 1628 putatione
443 1547 505 1601 satis
518 1553 630 1614 apparet
638 1580 644 1598 .
653 1539 702 1594 hos
711 1539 856 1592 OEnotrios
864 1558 924 1592 cum
934 1539 1141 1613 Aboriginibus,
1151 1559 1182 1594 ex
1194 1555 1282 1595 sumta
1292 1542 1345 1595 illa

294 1632 430 1704 opinione,
439 1640 484 1677 seu
491 1619 642 1693 hypothesi,
651 1637 666 1670 s
676 1617 773 1670 Grecis
780 1620 960 1670 Romanorum
969 1622 1078 1692 stirpem
1088 1639 1145 1674 esse
1154 1621 1343 1692 repetendam,

293 1705 462 1784 permisceri,
478 1700 616 1768 multoque
634 1699 708 1766 pejus
726 1715 775 1767 pro
793 1697 887 1750 iisdem
899 1698 1008 1764 baberi;
1022 1713 1051 1750 ut
1067 1699 1133 1753 mibi
1146 1701 1213 1752 adeo
1226 1703 1290 1752 satis
1303 1699 1342 1752 li-

293 1805 374 1862 quere
386 1782 523 1842 videatur,
536 1778 627 1848 primae
642 1775 705 1826 huic
716 1776 886 1847 Pelasgorum
899 1775 1026 1846 colonia,
1041 1780 1062 1830 si
1076 1779 1156 1831 modo
1173 1797 1205 1832 eu
1217 1795 1342 1849 unquam

291 1869 343 1921 fnit
353 1902 361 1929 ,
373 1859 439 1916 nihil
451 1859 530 1930 plane
542 1873 602 1907 cum
616 1854 805 1926 Aboriginibus
818 1871 875 1907 esse
888 1873 1045 1921 commune,
1059 1875 1108 1909 nee
1123 1859 1267 1928 quicquam
1281 1858 1341 1909 am·

292 1947 363 2021 plius
378 1941 463 1994 teueri
478 1953 575 2009 posse,
588 1951 668 2006 quam
680 1932 732 1985 hoc
743 1953 750 1994 ς
763 1935 954 2004 antiquissimis
961 1937 1015 2004 jum
1028 1935 1193 2006 temporibus
1205 1935 1239 1988 de
1248 1935 1341 1988 Pelas·

291 2041 386 2099 gutum
397 2018 446 2072 sub
460 2015 582 2070 OEnotro
599 2011 706 2065 sedibus
718 2013 746 2064 in
764 2013 890 2064 inferiore
902 2013 979 2066 ltalia
991 2015 1129 2085 occupatis
1141 2015 1241 2066 lamam
1251 2014 1339 2066 fuisse

290 2110 360 2159 inter
372 2103 487 2156 Grecos.

326 2184 418 2237 Altera
435 2178 604 2250 Pelasgorum
616 2173 739 2235 colonia,
757 2174 806 2227 sub
822 2173 1004 2227 Deucalionea
1017 2185 1138 2246 tempora
1154 2172 1286 2239 deducta,
1304 2193 1339 2228 ea

291 2279 346 2330 est,
363 2283 378 2316 u
392 2279 445 2334 qua
457 2258 629 2329 Aboriginum
642 2273 703 2308 cum
720 2254 834 2327 Pelnsgis
850 2257 877 2305 in
891 2273 973 2306 unum
985 2254 1114 2326 populum
1128 2254 1337 2308 coalescentium

290 2349 365 2418 origo
375 2338 521 2414 repetenda
531 2335 644 2388 videtur.
655 2335 692 2384 Ex
704 2334 841 2388 Thessalia
848 2334 887 2386 illi
895 2337 981 2406 ejecti,
990 2334 1035 2387 alii
1048 2338 1074 2386 in
1088 2335 1152 2387 alias
1162 2349 1258 2394 terras,
1269 2353 1334 2406 pars

289 2444 338 2498 per
349 2424 472 2492 Epirum,
487 2413 596 2468 oraculo
613 2413 732 2465 Dodonae
746 2426 874 2485 accepto,
891 2413 964 2484 quod
981 2416 1061 2466 etiarn
1079 2414 1198 2466 Macroh.
1216 2416 1227 2464 l
1244 2413 1298 2465 Sat.
1317 2431 1333 2484 7

289 2505 393 2564 recitat,
401 2499 504 2549 lonium
516 2496 690 2564 trajecerant,
703 2505 729 2544 ct
741 2505 897 2564 tempestate
907 2495 1003 2560 veruti,
1013 2491 1047 2545 ud
1061 2497 1156 2546 ostium
1167 2494 1231 2546 Padi
1243 2493 1334 2567 Spine-

288 2585 371 2634 ticum
384 2575 551 2648 appulerant.
564 2573 604 2624 lbi
620 2588 682 2643 pars
695 2585 782 2625 castra
794 2585 820 2625 ct
832 2573 925 2626 urbem
937 2575 1075 2639 muniunt,
1092 2574 1137 2627 alii
1155 2573 1189 2626 ud
1205 2577 1332 2628 interiora

288 2675 364 2713 terrae
375 2665 502 2730 pergunt,
513 2665 539 2705 et
550 2651 657 2704 Umbris
670 2654 800 2723 primum,
815 2667 871 2706 turn
882 2653 1071 2726 Aboriginibus
1084 2653 1226 2720 lacessitis,
1239 2655 1286 2708 ubi
1297 2655 1331 2707 ad

288 2737 413 2790 Cutiliam
425 2745 548 2787 eventum
561 2730 660 2783 habere
673 2731 763 2784 rident
775 2733 848 2784 Jovis
861 2732 990 2785 Dodonaei
1003 2751 1160 2805 responsum
1173 2733 1239 2786 illud
1250 2771 1259 2798 ,
1272 2753 1331 2786 curn

287 2817 329 2870 hia
339 2813 426 2868 toedus
433 2813 550 2878 iaciunt,
563 2812 672 2884 agrique
679 2823 756 2884 parte
765 2825 886 2884 acceptu,
898 2811 1025 2865 adversus
1035 2813 1137 2866 Siculos
1147 2813 1212 2866 balli
1223 2815 1331 2866 societa-

222 2909 230 2920 ‘
287 2910 341 2949 tem
355 2897 461 2955 incunt,
473 2890 578 2961 hosque
590 2889 697 2942 tandem
712 2889 746 2942 ab
758 2904 871 2962 utraque
883 2891 986 2943 Tiberis
1002 2905 1078 2962 parte
1090 2891 1198 2945 sedibus
1213 2893 1327 2962 ejiciunt.

286 2994 311 3029 v.
324 2975 432 3047 Dionys.
441 2975 462 3039 l,
474 2973 582 3024 td-at.
593 2969 644 3022 Scd
657 2968 766 3042 Pelasgi,
776 2969 810 3022 ab
822 2972 928 3043 egregio
939 2989 1027 3023 rerum
1037 2969 1228 3043 bominumque
1240 2982 1330 3035 auctu,

288 3058 425 3127 aliquanto
437 3065 499 3125 post
508 3051 587 3103 seriis
597 3047 792 3102 calamitatibus
803 3064 830 3104 et
839 3049 1050 3103 dissensionibus
1059 3051 1211 3104 domesticis
1224 3053 1326 3122 agitati,

285 3137 314 3189 iu
325 3137 413 3188 verius
427 3148 516 3206 partes
533 3129 647 3202 dispersi
668 3143 737 3182 sunt.
759 3132 854 3196 Pauci,
874 3133 919 3202 qui
938 3144 1138 3198 remanserant,
1155 3131 1327 3204 Aboriginum

285 3217 387 3268 nomini
397 3233 473 3267 suum
485 3210 625 3284 paullatim
637 3209 823 3263 submiserunt.
834 3229 859 3262 v.
873 3210 938 3263 ibid.
952 3212 988 3264 ud
999 3231 1022 3263 c.
1033 3211 1076 3264 30.
1085 3214 1258 3264 Accesserant
1269 3227 1327 3262 mor

285 3295 388 3367 Pelasgi
400 3311 431 3346 ex
443 3290 560 3344 Arcadia
572 3290 622 3342 sub
634 3289 780 3354 Evandro,
797 3289 830 3342 de
843 3289 939 3360 quibus
952 3289 1005 3342 alio
1018 3291 1078 3342 loco
1091 3290 1257 3353 videbimus,
1275 3303 1328 3340 tum

283 3373 368 3426 Greci
380 3391 440 3425 cum
453 3368 566 3424 llerculc
583 3367 689 3438 aliique.
710 3368 834 3422 Dubitari
846 3371 937 3440 itaque
948 3387 1003 3421 non
1015 3383 1122 3442 potest,
1135 3372 1161 3420 in
1180 3367 1326 3422 meditabar

284 3452 360 3506 ltalia
369 3451 442 3521 (nam
452 3449 486 3502 de
496 3461 612 3502 extrema
621 3448 698 3500 ltalia
708 3448 820 3500 coloniis
828 3448 981 3502 Graecorum
988 3450 1067 3501 variis
1076 3446 1242 3519 temporibus
1252 3465 1327 3500 occu·

284 3546 348 3604 pata
357 3549 411 3584 non
421 3530 540 3603 aginus)
552 3547 673 3600 magnam
685 3527 859 3601 Aboriginum
869 3541 970 3600 partem
986 3527 1020 3580 ab
1035 3547 1067 3580 eo
1078 3527 1140 3580 inde
1154 3541 1273 3598 tempora
1284 3529 1326 3579 Pe·

283 3611 389 3684 lesgicas
401 3625 427 3664 et
439 3611 580 3662 llellenicoe
593 3610 674 3660 fnisse
686 3611 794 3680 stirpis,
806 3608 942 3680 multaque
953 3627 985 3661 ex
995 3607 1092 3660 bonam
1101 3624 1223 3661 sermone
1235 3620 1261 3660 et
1273 3606 1328 3660 reli·

283 3691 408 3762 gionibus
418 3688 478 3741 illus
491 3687 642 3740 adscivisse.
655 3688 716 3756 Quo
727 3689 785 3758 ipso
798 3700 879 3758 poeta
891 3699 1012 3759 paratam
1024 3687 1107 3740 babet
1119 3688 1325 3750 exeusationem,

285 3769 358 3839 quod
372 3768 455 3822 multu
466 3770 494 3820 in
510 3767 551 3820 his
563 3769 629 3820 locis
641 3767 675 3820 ad
692 3768 873 3820 Graecanicatn
885 3768 1039 3840 religionem
1054 3767 1176 3830 dederim
1191 3769 1246 3836 ejus
1259 3767 1325 3818 enim

284 3851 393 3920 vestigia
408 3852 505 3920 passim
516 3851 595 3902 etiam
607 3849 749 3922 Dionysius
761 3848 923 3920 agnoscebat
934 3851 1056 3920 inprimis
1066 3849 1176 3901 Faleriis
1188 3865 1211 3900 c.
1223 3863 1266 3900 at.

319 3927 376 3980 Nec
392 3941 480 3980 tamen
495 3919 653 4000 Aborigines
670 3943 813 4000 propterea
828 3928 967 3999 Pelasgict
984 3931 1074 4000 stirpis
1090 3925 1231 3980 habendos
1246 3924 1325 3978 rideri

278 4007 521 4080 pronuntiavimus.
534 4007 631 4072 Recte,
644 4009 666 4059 si
679 4005 888 4078 quidvidemus3
903 4009 1004 4062 faciunt
1014 4009 1084 4060 enim
1096 4004 1196 4069 multa,
1212 4003 1322 4075 quiebit

227 4107 229 4110 ·
283 4088 401 4140 enarrari
414 4099 564 4156 nequeunt,
573 4089 757 4162 manifestum,
768 4087 925 4163 Aborigines
937 4087 972 4144 ad
985 4087 1122 4168 distortum
1135 4103 1234 4140 nomen
1246 4086 1324 4155 perti·
