3028 4682
377 405 644 475 EXCURSUS
668 409 683 472 l
706 411 769 474 AD
793 411 996 478 LIBRUM
1018 415 1081 480 Vl.
1184 417 1248 484 215

213 532 355 584 Pausanias
368 531 406 597 X,
421 533 468 599 28,
481 545 506 584 et
517 533 585 584 inter
597 531 729 586 Hesiodea
738 532 834 587 'l'besei
847 536 964 588 luitcum
973 537 1090 590 Pirithoo
1104 538 1137 591 ad
1150 541 1250 593 inferos

213 611 371 678 descensus,
383 612 448 664 ibid.
461 613 511 680 lX,
521 612 565 679 31,
578 613 644 666 alius
657 614 778 666 Herculis
789 617 816 666 in
829 615 957 668 Heracliis
967 639 973 671 ι
985 637 1038 688 quo
1046 621 1158 684 factum,
1169 633 1198 672 ut
1207 621 1251 674 lric

213 691 270 762 ipse
284 691 404 744 Herculis
417 691 559 744 descensus
572 694 652 744 variis
665 692 751 744 modis
762 707 916 746 narraretur
930 718 935 746 :
952 699 1023 748 conl.
1037 697 1161 768 Apollod.
1175 701 1213 760 ll,
1224 703 1250 764 5,

216 784 246 820 ta
258 781 283 821 et
295 769 378 822 Notas
391 790 450 842 paq.
462 771 513 837 ⁴l²8
526 789 584 841 sqq.
598 771 714 822 Platonis
729 771 764 824 de
780 773 872 824 inferis
889 773 990 845 mythi,
1005 793 1072 845 quoa
1083 795 1097 828 e
1110 775 1195 829 teletis
1209 795 1254 834 re·⁴

212 861 307 921 petunt
323 851 460 916 nonnulli,
475 869 529 902 non
542 851 649 904 aliunde
662 854 731 906 forte
742 865 817 906 erant
831 855 921 925 petiti,
941 873 1020 925 quam
1036 875 1066 908 ex
1079 859 1164 928 poetis
1183 857 1254 909 anti-

214 930 360 998 quioribus.
374 933 430 984 Nee
442 931 619 1003 improbabile
632 945 686 1001 est,
703 953 719 985 a
728 934 846 1004 Tragioia
858 933 954 986 Grecis
967 937 1158 1008 Romanisque,
1170 936 1197 988 in
1209 937 1253 989 fa·

212 1005 299 1072 bulis,
312 1027 370 1079 quie
384 1009 417 1062 de
430 1011 543 1064 Hercule
556 1011 713 1082 Theseoque
727 1023 849 1083 agerent,
861 1014 960 1084 passim
971 1013 1005 1064 de
1016 1014 1095 1066 rebus
1108 1015 1199 1066 inieris
1213 1013 1253 1065 in·

212 1096 296 1138 textas
306 1089 388 1140 fuisse
396 1090 572 1158 narrationes,
579 1108 661 1162 quum
673 1089 830 1142 descensum
843 1091 878 1143 ad
890 1093 991 1145 inferos
1000 1106 1170 1163 exponerent.
1184 1093 1224 1144 lta
1236 1109 1254 1144 a

211 1176 330 1216 veterum
342 1169 490 1234 imitatore,
502 1168 615 1234 Seneceu
628 1171 730 1222 lactum
741 1169 815 1224 vides
826 1171 853 1221 iu
861 1169 974 1224 Hercule
982 1174 1096 1224 furente.
1105 1171 1183 1222 Plura
1195 1171 1252 1238 ejus
1290 1229 1292 1232 ¹

211 1246 315 1314 generis
332 1250 477 1299 occurrisse
496 1246 619 1300 videntur
633 1250 661 1301 in
681 1248 784 1302 Theseo
796 1249 945 1322 Euripidis,
967 1251 989 1302 si
1006 1267 1144 1320 compares
1162 1247 1251 1300 Schol.

211 1321 347 1394 Aristopls.
362 1326 396 1378 ad
410 1329 475 1380 Rau.
487 1328 538 1396 476
551 1341 576 1380 et
588 1327 639 1392 al.,
654 1345 707 1398 que
719 1330 778 1400 ipsa
790 1330 816 1379 in
827 1328 920 1382 fabula
932 1327 1028 1382 Bacchi
1038 1327 1072 1379 ad
1084 1328 1183 1380 inlesos
1193 1324 1253 1379 des·

211 1417 306 1452 census
320 1403 467 1458 exhibetur.
480 1406 576 1459 Herum
591 1407 737 1458 inferarum
749 1407 875 1478 frequens
889 1425 996 1478 quoque
1009 1407 1108 1458 mentio
1121 1407 1147 1456 in
1157 1423 1253 1458 evoca·

211 1479 329 1534 tionibus
346 1485 513 1552 umbrarum,
534 1489 572 1538 uti
587 1487 708 1551 Tiresiae,
730 1499 756 1538 et
768 1489 796 1537 in
812 1487 931 1538 Manium
945 1485 1172 1558 apparitionibus,
1185 1486 1253 1536 utin

210 1557 343 1634 Euripidis
355 1566 479 1628 Hecubs;
492 1566 562 1619 unde
574 1567 656 1620 latine
672 1582 830 1619 conversum
847 1567 881 1619 ab
893 1569 979 1620 Ennio
992 1566 1025 1620 de
1044 1565 1196 1618 Acheronte
1208 1565 1252 1616 lo·

211 1656 271 1690 cum
283 1645 397 1694 servavit
407 1643 499 1696 Cicero
512 1646 591 1696 Tusc.
611 1646 663 1712 Qu.
674 1646 700 1710 l,
717 1645 748 1698 16
762 1647 789 1696 iu
810 1646 887 1696 Ennii
900 1647 994 1718 fragm.
1015 1643 1136 1696 Column.
1153 1664 1181 1716 p.
1201 1644 1251 1710 als

208 1718 307 1772 Adsum
319 1733 399 1794 etque
408 1725 516 1776 advenio
525 1723 675 1776 Acherunte
686 1725 730 1776 uix
741 1725 784 1776 uia
794 1724 849 1776 alta
857 1725 1044 1797 atqueunlua,
1056 1725 1108 1775 Per
1116 1723 1254 1796 speluncas

208 1800 290 1853 saxeis
300 1813 408 1857 structas
416 1805 527 1876 aspersis
538 1805 711 1876 pendentibus
724 1805 886 1866 Maxumeis3
901 1806 947 1856 ubi
961 1805 1046 1878 ripida
1059 1814 1160 1858 seruiet
1170 1821 1253 1856 crusta

209 1876 295 1952 caligo
307 1881 437 1953 inferum
449 1887 523 1938 Unde
534 1886 788 1938 animoeexcitantur
798 1887 904 1938 obscura
917 1887 1024 1951 umbra,
1037 1896 1126 1957 aperto
1134 1883 1198 1938 ostio
1207 1881 1253 1934 At-

210 1960 231 2010 n·
242 1959 416 2030 Aehemntir,
424 1965 497 2035 salso
507 1967 636 2038 sanquine
648 1977 812 2018 mortuorum
826 1965 960 2038 inrupisset.
978 1967 1068 2033 Quid?
1085 1963 1251 2036 quodetiam

209 2040 315 2110 pictura
327 2046 413 2115 attigit
428 2046 490 2096 illa:
504 2059 544 2097 est
558 2045 702 2116 descriptio
719 2045 815 2097 tabule
826 2065 840 2097 a
851 2047 997 2118 Polygnoto
1010 2048 1087 2098 facte
1100 2044 1210 2116 Delphis
1223 2045 1252 2096 iu

209 2115 305 2170 lesuhte
319 2123 434 2191 pariete,
447 2125 474 2174 in
487 2141 541 2194 qua
552 2125 651 2195 Necqia
662 2122 780 2175 exhibita
791 2145 797 2173 ι
807 2126 883 2174 Paus.
895 2125 933 2188 X,
946 2125 992 2190 28,
1005 2124 1050 2174 ubi
1062 2141 1139 2174 verus
1151 2117 1250 2193 Ulys'sis

211 2194 246 2248 ad
258 2199 357 2250 inferos
372 2200 514 2252 descensus
526 2200 564 2251 lit.
577 2201 637 2252 Alia
646 2202 728 2252 Nicia
745 2200 839 2252 tabula
851 2199 922 2272 apud
939 2200 1052 2252 Plinium
1063 2201 1169 2264 XXXV,
1186 2216 1213 2250 ιι
1228 2217 1249 2250 s.

210 2277 253 2328 28.
271 2278 366 2329 Fertur
383 2279 490 2330 tandem
508 2282 534 2330 in
553 2279 639 2331 teletis
653 2276 798 2349 aliquando
813 2297 901 2330 rerum
916 2279 1061 2330 inferarum
1082 2277 1249 2328 adumbratio

210 2355 357 2412 dramatica
370 2359 442 2411 lacte
454 2377 518 2412 ease.
528 2361 601 2410 lnter
610 2358 666 2410 baec
675 2359 860 2410 observatione
869 2357 977 2428 Quum
987 2355 1066 2422 illud,
1076 2375 1091 2410 a
1102 2375 1180 2428 quam
1191 2373 1252 2427 par·

210 2437 249 2487 vis
262 2437 342 2488 initiis
355 2451 506 2490 commenta
517 2439 573 2489 haec
586 2451 612 2490 et
625 2437 748 2510 figmenta
756 2436 790 2490 de
798 2436 951 2488 conditione
960 2439 1107 2488 animarum
1114 2449 1252 2507 postmor-

209 2527 262 2567 tem
274 2519 397 2588 prolecta
408 2520 476 2572 sint:
492 2515 672 2570 condonanda
684 2519 776 2588 utique
789 2517 836 2570 illa
848 2517 988 2588 cupiditati
1002 2519 1096 2569 mentis
1111 2515 1248 2582 humane,

209 2609 236 2648 et
249 2600 315 2650 mira
328 2600 417 2670 aliqua
426 2599 593 2668 jucunditate
604 2617 631 2652 se
644 2598 875 2664 commendantia,
887 2616 937 2650 nec
949 2599 1071 2670 indigna,
1092 2597 1188 2668 quibus
1201 2598 1249 2650 irn-

208 2689 327 2729 moretur
337 2678 472 2749 ingenium
487 2681 609 2731 erectius.
623 2677 703 2749 Apud
716 2681 860 2730 Homerum
870 2689 910 2729 est
931 2677 1054 2730 Tartants
1072 2679 1194 2728 Titanum
1210 2695 1250 2730 se·

207 2752 255 2806 des
263 2767 289 2807 et
299 2775 402 2819 carcer3
416 2775 502 2830 aeque
512 2757 590 2812 aliter
599 2756 673 2829 apud
684 2757 830 2810 Hesiodum
841 2775 882 2810 res
895 2773 922 2807 se
931 2755 1084 2822 bebet,nisi
1097 2755 1171 2826 quod
1182 2755 1249 2808 Ura·

208 2834 277 2886 nidte
289 2837 315 2886 iu
327 2837 422 2888 iisdem
434 2837 618 2890 collocantur:
632 2837 703 2888 conf.
718 2838 766 2888 iul.
777 2837 886 2888 Excurs.
900 2835 967 2885 Vlll.
980 2834 1054 2886 Alius
1068 2832 1140 2904 apud
1150 2835 1251 2888 Home-

209 2931 268 2965 rum
277 2912 351 2966 locus
363 2929 403 2968 est
412 2915 548 2986 Elysium,
561 2915 688 2968 heroibus
703 2913 867 2976 destinatum
883 2913 950 2965 alius
961 2913 1066 2976 Hudes,
1078 2929 1098 2963 a.
1107 2912 1206 2977 Orcus,
1219 2911 1247 2964 h.

208 3011 232 3044 e.
242 2993 349 3046 omnino
357 2994 417 3046 loca
425 2996 510 3046 infera
519 3016 525 3044 ι
534 2997 562 3046 in
573 2995 670 3065 quibus
677 2997 828 3066 promiscue
837 2992 958 3045 habitant
966 2993 1059 3044 anima
1068 3001 1122 3040 tum
1130 2991 1246 3059 piorum,

209 3083 265 3121 tum
277 3072 419 3144 impiorum
429 3095 434 3124 ι
446 3075 518 3126 conf.
531 3075 594 3124 Not.
605 3073 640 3124 ad
648 3091 671 3122 v.
685 3073 736 3126 608
747 3073 825 3142 hujus
832 3072 901 3124 libri.
915 3071 1058 3124 &cruerit
1069 3069 1184 3140 Elysium
1197 3069 1249 3121 lle-

208 3149 316 3214 siodus,
329 3151 390 3202 inde
411 3151 539 3204 Pindarus
558 3150 600 3205 Ol.
614 3153 651 3217 ll,
667 3152 715 3204 123
728 3170 802 3223 seqq.
815 3173 821 3202 z
835 3150 869 3202 de
884 3149 980 3220 quibus
999 3149 1052 3202 alio
1074 3147 1133 3198 loco
1144 3145 1247 3200 dictum

207 3227 323 3300 (Opusc.
334 3230 410 3282 Tom.
423 3233 448 3296 l,
465 3251 528 3304 paq.
542 3231 592 3300 397
603 3248 677 3301 seqq.
695 3231 773 3302 loo).
787 3235 821 3284 At
835 3233 863 3282 in
874 3231 945 3282 Orco
961 3232 1037 3282 noris
1050 3227 1150 3280 lnbulis
1169 3245 1247 3280 exor-

208 3308 299 3363 nando
314 3311 435 3383 inprimis
453 3310 593 3364 hominnm
609 3311 716 3381 ingenia
734 3328 762 3362 se
779 3329 934 3378 exercuere,
955 3323 1010 3363 tum
1021 3311 1050 3362 in
1069 3307 1248 3376 carminibus,

207 3399 265 3440 snm
276 3391 303 3440 in
315 3391 443 3462 picturis,
456 3402 487 3442 ut
497 3388 589 3462 paullo
601 3401 663 3440 aute
675 3387 835 3442 dictumest.

242 3470 304 3524 Non
319 3473 398 3542 igitur
410 3491 465 3525 rem
478 3489 576 3524 noram
588 3483 615 3522 et
626 3468 774 3522 inauditam
786 3481 951 3522 commentus
962 3467 1047 3520 videri
1058 3465 1139 3520 debet
1150 3481 1246 3540 poeta,

209 3567 292 3620 quum
301 3551 455 3606 descensum
467 3555 556 3606 AEnen
567 3549 601 3604 ad
613 3552 713 3604 inferos
723 3549 836 3604 cumini
846 3549 982 3602 intexeret.
995 3549 1136 3602 Eaimmro
1146 3549 1247 3620 ingenii

207 3631 250 3682 sui
266 3629 348 3682 divini
360 3631 513 3686 felicitatem
530 3631 676 3684 declararit
688 3631 715 3683 iu
731 3628 797 3694 hoc,
809 3627 894 3700 quod,
912 3645 994 3699 quum
1008 3647 1040 3682 eo
1058 3645 1113 3680 evo
1130 3629 1246 3692 viveret,

209 3727 263 3780 quo
273 3709 379 3764 Grecis·
391 3711 512 3766 doctrina
522 3727 547 3764 et
560 3711 690 3784 sapientia
699 3713 764 3764 satis
771 3712 826 3780 jam
836 3709 943 3782 vulgate
955 3722 1026 3775 erat,
1041 3727 1094 3760 non
1107 3710 1134 3760 in
1146 3709 1246 3764 fabulis

207 3789 353 3844 Homericae
366 3793 448 3843 etatis
462 3793 612 3862 acquievit,
624 3789 671 3844 sed
684 3809 781 3845 notum
794 3807 847 3842 aaa
859 3789 964 3860 Necyie
976 3801 1113 3855 ornatum,
1130 3807 1245 3860 eumque

208 3871 345 3936 eximium,
359 3873 462 3942 paravit
476 3889 508 3924 ex
519 3869 695 3943 philosophiae
707 3872 827 3944 inprimis
840 3871 981 3923 Platonica
992 3869 1114 3940 placitis;
1135 3889 1167 3924 ex
1183 3872 1245 3941 qui-

207 3945 274 4014 bus,
287 3953 336 4002 etsi
355 3954 463 4004 omnino
473 3952 542 4002 inter
557 3967 713 4022 magnorum
727 3963 866 4023 poetarum
877 3951 985 4004 inventa
996 3950 1075 4002 etiam
1087 3949 1140 4003 boc
1149 3963 1203 4016 est,
1214 3959 1245 4002 ιιι

207 4027 329 4099 vulgares
337 4042 364 4082 et
373 4029 493 4084 inductas
504 4031 644 4102 opiniones
655 4031 688 4084 ad
696 4029 909 4104 philosophicam
917 4029 1034 4100 aliquam
1044 4027 1192 4082 doctrinam
1203 4048 1245 4081 ac·
1260 4091 1263 4098 ⁴

206 4107 393 4162 commodent:
406 4108 558 4166 hortamen
567 4111 687 4182 inprimis
699 4123 879 4182 consequutus
892 4123 931 4164 est
938 4147 948 4177 ,
960 4121 989 4164 ut
1005 4127 1060 4162 uon
1073 4109 1169 4178 modo,
1186 4111 1243 4162 Ho-
