3022 4682
438 458 675 524 mertuos
699 460 851 524 mann
873 462 936 524 vr.
1150 489 1210 554 ¹79

170 585 332 650 Omnibus
344 583 395 650 his
408 585 503 648 nivea
515 585 694 672 cinguntur
708 600 854 671 tempora
868 585 956 648 vitta.
1166 603 1211 650 oss

167 693 258 774 Quos
271 691 487 756 circumfusos
500 692 546 756 sic
560 707 609 756 est
621 689 730 754 adfata
742 690 880 779 sibylla3

167 801 331 863 Musaeum
342 815 418 862 ante
431 799 554 878 omnis,
567 795 715 862 medium
728 819 804 860 narn
816 797 958 886 plurima
971 799 1066 864 turba

170 908 267 970 Hunc
280 905 393 983 habet,
406 921 506 993 atque
518 903 665 968 humeris
678 919 858 968 exstantem
871 905 1006 992 suspicit
1018 905 1106 970 altis:

172 1039 185 1068 a
198 1011 318 1088 Dicite,
333 1010 443 1077 felices
455 1011 587 1088 animae,
601 1025 718 1098 tuque,
733 1011 858 1097 optime
873 1025 976 1089 vates3

168 1117 249 1198 Quae
263 1120 353 1206 regio
365 1119 545 1197 Anchisen,
562 1118 636 1208 quis
649 1117 748 1182 habet
760 1119 870 1182 locus?
881 1118 968 1182 illius
981 1141 1058 1208 ergo
1163 1136 1208 1198 670

169 1224 343 1302 Venimus,
359 1239 391 1287 et
403 1246 539 1311 magnos
552 1222 651 1288 Erebi
667 1225 866 1288 tranavimus
879 1225 993 1288 amnis.
1008 1253 1020 1283 ιι

171 1330 279 1417 Atque
291 1327 369 1394 huic
382 1351 577 1418 responsum
591 1330 702 1416 paucis
716 1329 759 1394 itu
772 1328 917 1393 reddidit
929 1330 1044 1396 heros:

172 1463 186 1491 a
198 1435 286 1497 Nulli
299 1450 387 1500 certe
400 1433 518 1500 domus
531 1457 537 1497 :
551 1435 633 1499 lucis
649 1433 834 1500 habitamus
846 1437 972 1524 opacis,

173 1539 398 1628 Ripammque
412 1556 501 1604 toros
513 1557 547 1604 et
558 1555 649 1628 prate
663 1542 806 1604 recentia
819 1542 896 1605 rivis

170 1647 358 1710 Incolimus.
372 1644 435 1709 Sed
450 1668 521 1724 vos,
536 1646 563 1710 si
576 1646 640 1708 fert
652 1646 696 1710 ita
709 1645 809 1711 corde
822 1647 988 1727 voluntas,
1171 1665 1215 1726 675

172 1755 244 1818 lloc
256 1769 407 1840 superate
415 1751 551 1841 jugum,
565 1769 598 1816 et
611 1752 697 1816 facili
706 1751 775 1842 jam
788 1752 917 1818 tramite
929 1754 1051 1820 sistam.
1067 1785 1080 1814 s

199 1929 252 1976 665.
263 1927 297 1974 lu's
313 1943 357 1974 uno
369 1927 466 1976 llorvill.
482 1954 515 1964 -
529 1928 582 1990 667.
598 1930 717 1984 Muscam,
734 1931 869 1985 mosenum,
882 1928 943 1976 male
953 1929 1050 1976 librarii.
1061 1931 1158 1977 medium
1167 1936 1218 1996 jem

169 2000 217 2048 duo
228 2001 297 2046 Goth.
305 2027 335 2035 —
343 2001 396 2048 668,
406 1999 476 2048 ocultis
487 2010 545 2046 exst.
560 2001 676 2056 Perrhae,
693 1999 761 2046 male.
773 2004 866 2064 suscipit
876 2001 985 2048 nonnulli
998 2019 1035 2064 sp.
1049 2004 1174 2050 Burmann.
1185 2031 1217 2041 -·

170 2071 223 2131 669.
242 2071 326 2116 Discite
342 2084 388 2116 tres
399 2072 525 2116 llnrrnann.
538 2085 566 2116 ex
578 2085 650 2117 more.
663 2073 746 2133 optime
759 2071 820 2116 oud.
835 2097 867 2106 -
879 2072 934 2133 671.
949 2076 1114 2118 saturauimus
1129 2075 1218 2123 Nonius

171 2143 196 2186 in
208 2155 271 2204 erpo,
289 2155 311 2188 et
323 2141 392 2188 Goth.
405 2157 451 2188 sec.
465 2167 497 2178 -
506 2143 560 2204 67².
574 2141 608 2186 lu'c
617 2143 715 2188 Oudnrt.
727 2167 759 2178 -
770 2141 823 2203 673.
836 2141 903 2186 Nulli
910 2151 944 2187 est
954 2144 1046 2204 Memfi.
1062 2159 1097 2204 pr.
1116 2168 1149 2178 -
1163 2145 1216 2206 674.

169 2213 263 2256 virentis
274 2211 377 2258 Parrhes-
388 2225 411 2258 et
424 2213 448 2256 in
460 2227 531 2273 marg.
551 2210 649 2258 Dorvill.
663 2227 691 2257 cx
708 2213 806 2272 interpr.
823 2211 853 2256 cl.
865 2211 991 2256 Burmann.
1004 2227 1024 2255 r.
1037 2209 1099 2256 silisis
1117 2213 1182 2258 Rom.
1196 2227 1220 2259 et

170 2281 244 2342 bigot.
257 2309 288 2318 -
299 2283 352 2343 675.
366 2281 468 2343 voluptas
481 2283 561 2330 nanc.
575 2293 598 2328 et
610 2283 648 2327 ed.
659 2283 726 2326 lunt.
733 2314 741 2336 ,
752 2293 778 2326 ut
790 2293 813 2326 et
824 2283 884 2326 l’ier.
898 2280 995 2343 aliquot.
1006 2305 1038 2316 -
1048 2280 1102 2342 676.
1113 2297 1219 2344 superum

170 2350 240 2395 Goth.
254 2365 306 2397 tert.
320 2365 344 2398 et
355 2353 437 2396 Frauc.
444 2351 467 2414 f.
478 2369 518 2398 vos
530 2362 545 2398 t.
556 2352 646 2414 aliquot
658 2353 719 2398 Pier.
730 2351 879 2397 sucumven.

171 2493 254 2566 polyt.
272 2495 322 2548 632
342 2506 369 2546 et
388 2505 411 2548 te
431 2497 561 2561 merebor,
584 2497 630 2548 ubi
645 2515 671 2548 ν.
722 2514 768 2551 nes
780 2509 806 2548 et
818 2495 911 2548 teletas
927 2496 1076 2556 institutess
1097 2509 1122 2548 et
1140 2497 1221 2550 facile

171 2575 371 2628 Gran-665.
400 2576 527 2629 Omnibus
548 2576 587 2630 lu's
613 2577 672 2628 Ser·
721 2575 1220 2649 nuncejuscommemoratioh.l.opi-

173 2655 245 2706 vius:
262 2675 332 2727 «per
348 2655 421 2728 quod
433 2675 478 2708 eos
490 2657 606 2710 ostendit
619 2676 672 2710 nse·
720 2660 828 2710 irionem
840 2675 947 2710 movere
957 2669 1058 2728 potest,
1068 2671 1175 2727 poetam
1185 2657 1221 2710 ds

172 2736 256 2786 ruisse
267 2734 370 2788 divinos
383 2736 507 2788 honores.
520 2735 672 2790 »Certede
720 2739 802 2792 initiis
815 2740 959 2810 cogitasse,
972 2755 1054 2806 quum
1065 2756 1094 2788 ex
1107 2737 1221 2789 nobilis-

173 2814 257 2866 clarat
272 2814 323 2867 hoc
337 2817 452 2888 insigne,
472 2835 528 2869 esse
541 2835 587 2870 eos
599 2819 670 2870 viros
720 2820 792 2870 simis
808 2816 992 2888 hierophantis
1009 2835 1092 2868 unum
1105 2836 1221 2868 comme·

173 2912 263 2944 sacros
287 2908 312 2948 et
333 2909 447 2947 sanctos.
470 2897 539 2948 Nam
562 2897 670 2950 vittatos
720 2910 812 2948 moret.
835 2897 958 2948 Ceterum
978 2895 1012 2946 ed
1032 2897 1175 2946 Homerum
1193 2899 1221 2947 in

173 2975 254 3024 luisse
278 2973 445 3039 sacerdotes,
471 2989 561 3038 vates,
590 2977 671 3038 deos,
720 2977 799 3028 simili
811 2977 871 3028 loco
882 2994 936 3027 rem
948 2975 1082 3026 transtulit
1093 2975 1221 3045 preclare

173 3053 238 3102 satis
249 3065 341 3102 notum
353 3065 400 3104 est.
412 3054 446 3104 ei.
460 3053 518 3104 Val.
530 3053 568 3104 Fl.
581 3053 628 3105 lib.
642 3055 672 3117 l,
720 3055 798 3108 Silius
810 3057 883 3120 xltt,
898 3060 948 3124 780
958 3071 1016 3124 sqq.

175 3130 241 3193 836,
254 3132 313 3196 840.
756 3135 816 3204 667.
836 3135 896 3186 666.
911 3135 981 3185 Bene
998 3133 1049 3184 hoc
1066 3151 1097 3184 ex
1108 3132 1222 3185 heroum

208 3209 261 3262 666
274 3228 330 3281 sqq.
345 3210 461 3262 Platonis
474 3209 548 3262 locus
561 3210 594 3265 de
606 3213 672 3282 Rep.
722 3225 798 3264 atate
810 3226 836 3264 et
852 3213 987 3283 opinione.
1005 3213 1073 3263 Nam
1086 3211 1120 3264 ad
1136 3212 1222 3262 Pleto-

173 3289 211 3354 ll,
223 3307 250 3360 p·
266 3291 317 3344 363
330 3303 391 3342 ante
405 3289 496 3341 oculos
513 3293 612 3342 versari
625 3311 675 3362 po-
722 3309 782 3342 nem
805 3311 865 3344 enm
887 3293 1046 3361 respexisse,
1068 3291 1140 3360 apud
1163 3289 1223 3342 Ser·

174 3372 232 3420 tuit.
255 3371 335 3437 Quod
356 3371 482 3424 Musenm
508 3372 674 3440 potissimum
723 3371 794 3422 vium
806 3370 871 3422 levis
882 3373 1035 3440 conjectura
1047 3383 1095 3422 est.
1108 3369 1150 3421 Ad
1165 3387 1222 3422 rer·

175 3451 295 3502 nominat
315 3464 408 3523 poete,
433 3453 562 3504 mirantur
584 3453 672 3520 intpp.
723 3451 758 3502 ha
770 3451 804 3501 ei.
817 3448 892 3500 llind.
905 3467 936 3513 γ,
950 3443 1014 3512 soff,
1027 3465 1085 3517 ²²7·
1097 3447 1222 3518 M01674

175 3531 305 3582 Homerus
328 3549 392 3586 sane
415 3531 503 3584 AEnese
525 3532 553 3582 in
581 3531 673 3582 inieris
724 3540 830 3592 ornate,
852 3545 901 3598 pro
925 3528 1003 3596 ripis;
1026 3527 1139 3578 recentia
1160 3539 1222 3580 sunt

175 3629 314 3664 occurrere
341 3629 395 3662 non
424 3613 530 3686 potuit:
562 3611 674 3665 turbate
723 3608 800 3672 rivis,
817 3607 844 3659 h.
861 3627 883 3660 e.
904 3607 1017 3658 virentia
1031 3619 1141 3678 propter
1157 3610 1224 3660 sici-

113 3695 118 3702 '
174 3692 287 3744 fuissent
296 3704 443 3761 temporum
452 3692 674 3758 rationes.Quum
722 3707 770 3742 nas
791 3705 886 3759 nqnns;
908 3699 937 3738 ut
958 3685 1028 3738 Serv.
1047 3689 1118 3739 coni.
1132 3689 1220 3740 Bnrm.

175 3785 265 3824 autem
294 3771 327 3824 de
359 3771 553 3840 antiquioribus
578 3771 673 3842 aliquis
724 3783 750 3822 et
762 3787 785 3820 ν.
798 3768 850 3836 676
862 3765 1132 3828 sistom,vosadenm
1142 3765 1223 3820 sledu-

175 3863 244 3904 esset
267 3850 433 3914 laudandus,
459 3850 582 3920 Orpheus
610 3869 673 3902 vero
724 3869 782 3902 nam
795 3848 868 3901 lucili
880 3861 906 3900 et
924 3847 1047 3918 expedita
1060 3849 1222 3920 vis,quales

172 3935 228 4002 jam
239 3951 297 4003 sup.
309 3950 317 3984 t
327 3951 356 4002 ¹9
367 3945 527 3984 memoratus
540 3946 622 3991 esset,
632 3933 676 3983 vis
724 3933 752 3982 in
764 3931 851 4001 Elysio
864 3931 972 3980 omnino
981 3945 1038 3980 esse
1047 3930 1102 3980 vias
1113 3931 1222 3984 eredere

176 4011 244 4064 alius
256 4025 351 4083 preter
367 4011 475 4074 Linum,
490 4011 531 4062 rel
548 4012 676 4064 hlusaentn
724 4011 765 4062 ins
783 4023 831 4062 est.
848 4010 937 4062 Anteit
951 4022 1007 4059 tum
1020 4009 1133 4060 Musaeus
1146 4010 1221 4080 ipse;

178 4092 317 4164 subrogari
348 4093 442 4163 potuit.
462 4092 561 4163 Magne
588 4103 677 4144 antem
725 4091 773 4142 nbi
786 4108 818 4141 ex
828 4107 930 4140 summo
940 4089 1015 4140 collis
1025 4091 1123 4148 vertice
1133 4088 1222 4140 locum

178 4171 269 4224 blusei
283 4173 426 4225 auctoritas
442 4183 553 4246 propter
571 4169 677 4242 religio·
726 4169 900 4236 ostendisset,
913 4181 968 4220 tnm
982 4169 1113 4220 AEneaset
1125 4167 1225 4238 Sibylla

1042 4273 1080 4309 12.
