3028 4682
286 381 349 448 258
532 371 1077 441 P.VlRGlL11MARONIS

284 509 410 592 Aggere
422 499 594 588 conposito
607 497 740 575 tumuli,
755 512 930 584 postquam
941 496 1005 560 altu
1018 496 1173 584 quierunt

283 613 439 700 liquore,
454 598 633 671 tendit'iter
644 603 740 682 velie,
754 618 955 690 portumque
968 601 1134 691 relinquit.

281 713 459 802 Adspirant
469 733 557 777 curae
570 709 604 773 in
616 726 763 788 noctem,
777 730 840 777 nec
851 705 990 772 candida
1004 729 1118 772 cursus

280 821 376 884 Luna
387 833 498 906 negat3
512 815 664 904 splendet
675 813 818 879 tremulo
829 813 892 878 sub
904 813 1029 878 lumine
1040 830 1172 904 pontus.

280 925 430 989 Proxima
442 924 571 987 Circaeae
584 920 745 985 raduntur
756 919 852 984 litora
864 936 978 984 terrae:
1295 949 1323 981 ro

281 1031 381 1094 Dives
394 1017 576 1094 inaccessos
590 1026 647 1090 ubi
659 1026 742 1092 Solis
755 1025 821 1090 iilia
833 1025 925 1090 lucos

277 1133 420 1200 Assiduo
432 1149 564 1198 resonat
575 1148 689 1210 cantu,
702 1132 865 1221 tectisque
877 1130 1029 1220 superbis

308 1329 331 1375 6.
345 1331 450 1394 quierunt
459 1343 487 1374 ex
497 1325 589 1385 llehro(
597 1327 703 1388 ignotum
710 1340 797 1371 nornen
805 1337 827 1371 et
834 1325 896 1372 sorte
903 1337 1038 1390 comptum
1045 1328 1053 1386 l
1060 1324 1249 1382 laudatSerriut3
1256 1325 1321 1389 quod

277 1411 300 1447 st
312 1401 388 1461 ipsum
397 1395 592 1450 bsbcretlccum;
605 1407 628 1442 et
637 1397 670 1443 sic
682 1394 796 1442 Mennis.
809 1407 832 1441 et
843 1411 887 1458 pro
896 1413 944 1442 rer.
957 1396 1010 1442 lect.
1025 1395 1084 1442 alter
1094 1395 1177 1442 Hamis.
1188 1420 1219 1432 ·-
1231 1412 1253 1458 7.
1263 1411 1321 1458 por-

278 1477 358 1533 tusque
367 1468 428 1513 Gud.
439 1465 529 1531 reliquit
539 1465 630 1529 aliquot
642 1467 720 1512 licius.
733 1477 756 1512 et
765 1467 827 1512 Pier.
834 1465 894 1513 -8.
905 1481 986 1513 cursus
995 1467 1075 1514 lleius.
1085 1481 1138 1513 cunr
1145 1466 1321 1522 vetustioribus,

275 1545 303 1588 it.
320 1541 401 1603 fragm.
415 1541 491 1584 Vatis.
507 1537 585 1600 Vulgo
596 1553 689 1584 rursum
700 1537 792 1601 legitur.
806 1562 839 1574 -
855 1553 890 1585 ro.
906 1540 946 1586 Est
960 1533 987 1584 ri
1000 1533 1111 1600 Κιρκαῖον.
1122 1563 1153 1574 -
1168 1552 1203 1584 12.
1217 1545 1322 1584 resonunl

276 1615 353 1675 Sprct.

312 1787 399 1840 7-9.
413 1768 497 1822 tendit
506 1773 556 1822 iter
567 1768 644 1835 uelis,
657 1768 773 1841 perseia
821 1768 900 1828 Ovid.
913 1769 977 1822 Met.
988 1767 1064 1836 XIV,
1078 1769 1129 1822 260
1138 1787 1197 1839 sqq.
1212 1767 1322 1820 inacces-

274 1860 353 1900 vento
381 1848 456 1912 dats,
482 1848 574 1913 docte,
598 1862 628 1900 ut
650 1866 772 1912 cursum,
820 1845 1001 1912 soslucos,b.
1021 1847 1038 1898 l.
1061 1847 1168 1915 silvam,
1185 1844 1220 1898 sd
1238 1865 1320 1916 quam

271 1945 386 2000 gressum
411 1928 514 1980 tendere
539 1927 634 1999 aliquis
661 1927 771 1990 dicitur;
822 1945 883 1980 raro
911 1927 1043 1979 accedunt
1067 1927 1202 1993 homines,
1226 1927 1321 1980 solita·

273 2026 324 2078 pro
335 2008 455 2081 vulgari:
469 2008 577 2062 tendere
588 2027 675 2062 cursu.
691 2006 733 2059 Sic
745 2009 771 2072 1,
821 2010 897 2060 riam.
910 2006 1015 2059 Servius
1028 2029 1033 2056 :
1051 2005 1086 2056 ad
1096 2025 1160 2079 quos
1172 2003 1262 2058 nullus
1272 2005 1320 2057 de·

273 2087 326 2142 656
340 2088 390 2138 iter
399 2087 434 2138 ad
442 2087 516 2140 nevis
525 2088 644 2140 tendebat
652 2085 771 2140 Achates.
822 2087 881 2138 beat
888 2086 1017 2153 accedere,
1026 2105 1062 2138 sc.
1072 2085 1259 2138 veneficiorum
1266 2104 1320 2138 rne-

273 2165 328 2218 sub
344 2180 449 2220 noctem
466 2167 618 2223 tumulum
638 2169 723 2228 dirui,
742 2179 772 2217 ut
820 2179 859 2217 tu.
880 2167 913 2218 At
936 2163 1007 2218 lucos
1022 2178 1153 2218 memorat
1173 2163 1320 2217 secundum

272 2267 342 2318 sepe
354 2247 526 2318 Apollonius,
536 2262 629 2302 ventus
638 2247 772 2304 secundus
821 2247 960 2300 Homerica
977 2247 1042 2300 ibid.
1059 2249 1120 2316 149,
1142 2246 1203 2314 150,
1216 2247 1263 2298 ubi
1275 2246 1321 2298 sil·

272 2329 445 2381 increbrescit
463 2343 490 2380 et
505 2330 568 2381 luna
580 2333 652 2382 iuvet
665 2331 773 2400 neviga-
820 2346 882 2380 vam
893 2329 920 2378 in
931 2326 1026 2392 insula,
1035 2340 1061 2380 et
1070 2327 1097 2378 in
1107 2345 1139 2379 ea
1150 2327 1239 2379 Circes
1250 2325 1319 2378 redes

271 2410 340 2460 ticni
358 2409 431 2477 (non
448 2419 527 2480 nepot
544 2406 667 2478 cunum)
683 2407 773 2478 splen·
820 2419 960 2459 memorat.
976 2406 1052 2458 'Esse
1086 2419 1174 2458 autem
1201 2405 1319 2458 Circeios

272 2487 337 2538 dore
351 2504 413 2550 suo,
426 2488 471 2556 qui
482 2488 585 2557 egregie
597 2486 770 2537 describitur:
821 2485 918 2536 densos
927 2485 1013 2551 silvis,
1027 2485 1099 2555 elapsu
1107 2484 1206 2552 illlis,
1217 2485 1320 2540 sustu

271 2562 391 2636 splendet
406 2563 516 2616 tremulo
528 2565 573 2617 sub
586 2561 688 2614 lumine
702 2583 771 2635 pon·
821 2559 847 2613 li
862 2561 966 2634 aqllps,
983 2564 1023 2616 ssi
1040 2565 1098 2632 ἶχιιι
1115 2566 1167 2635 lpir
1179 2563 1219 2616 ul
1231 2561 1318 2631 eisin

271 2660 318 2696 tus.
331 2642 403 2698 Nota
419 2646 456 2696 rei
475 2647 580 2716 imago,
594 2662 673 2715 quum
685 2643 771 2697 Cerda
819 2643 1073 2712 πολλιίνκύμυρῥίνκι,
1085 2647 1225 2698 monstrari
1235 2663 1318 2716 porro

271 2723 381 2792 copiose
392 2723 519 2783 illustram
533 2741 657 2793 expressa
669 2721 770 2775 dudum
818 2715 958 2794 Elpenoris
966 2723 1074 2797 (Odyss.
1083 2745 1117 2790 μ,
1131 2724 1177 2794 ld)
1187 2725 1318 2777 tumultun

272 2801 306 2853 eb
316 2803 401 2852 Ennio
414 2824 419 2853 :
433 2801 545 2854 Lumine
557 2801 593 2854 sic
604 2801 714 2853 tremulo
725 2812 773 2852 ter·
819 2805 994 2857 etineuussci
1002 2805 1143 2876 myrthum,
1150 2806 1317 2860 etiemTheo-

272 2898 315 2946 rc,
339 2894 364 2931 et
381 2897 444 2936 cuna
461 2879 558 2934 cunila
574 2880 701 2946 candor,
726 2899 769 2952 ep.
818 2883 943 2954 phrestus
953 2898 1095 2956 acceperat
1106 2887 1173 2938 Hist.
1187 2886 1272 2940 Plsut.
1282 2888 1318 2953 V,

271 2959 391 3011 Mecroh.
404 2961 454 3027 vl,
465 2961 493 3027 4.
819 2965 849 3028 8,
867 2976 894 3016 et
905 2965 1005 3016 Plinius
1023 2983 1105 3036 porro
1117 2965 1174 3030 XV,
1187 2983 1235 3035 29,
1248 2984 1317 3037 myr-

311 3040 439 3106 10-14.
463 3039 546 3092 Circes
571 3037 674 3103 insula,
698 3040 771 3092 facts
818 3055 875 3096 turn
895 3045 923 3096 in
938 3044 1052 3115 Europoe
1072 3044 1191 3096 citeriore
1212 3043 1266 3098 solo
1281 3075 1318 3085 -

271 3133 365 3190 postes
385 3134 457 3172 terre
481 3118 632 3183 continens,
656 3117 771 3186 Circeii,
816 3123 936 3193 primum
954 3123 1058 3176 Circeiis
1074 3124 1103 3176 iu
1120 3123 1259 3195 Elpenoris
1274 3136 1318 3176 tu-

272 3213 366 3252 notum
373 3201 442 3252 Latii
451 3200 672 3272 promontorium.
685 3197 724 3250 De
737 3218 770 3252 ea
818 3201 892 3254 mulo
904 3201 986 3255 ubam
996 3201 1066 3255 tradi
1079 3201 1317 3269 notavit.'resouat,

271 3281 326 3333 rid.
341 3281 448 3332 Excurs.
461 3281 481 3336 Ι,
493 3280 577 3338 Petite
587 3291 627 3330 est
636 3276 728 3330 fabula
737 3295 770 3329 ex
818 3298 943 3334 resonare
962 3282 1042 3348 fucit,
1065 3294 1095 3333 ut
1114 3281 1178 3334 alibi
1197 3301 1315 3354 quoque.

271 3360 367 3434 Odyss.
378 3381 405 3424 κ,
415 3359 530 3429 indeque
543 3359 623 3412 etiam
635 3355 769 3408 illustrari·
818 3359 959 3432 Vulgarius
969 3372 1177 3432 est‚persousre.
1188 3361 1227 3416 De
1235 3373 1318 3414 centu

272 3441 327 3503 des
344 3441 391 3494 sed
412 3452 492 3512 poeta
513 3440 624 3492 ornarit
651 3437 769 3490 studiose
818 3439 906 3492 Circes
923 3454 987 3492 note
1005 3459 1046 3493 res
1062 3457 1093 3493 ex
1111 3440 1205 3512 Odyss.
1222 3463 1249 3502 u,
1265 3459 1314 3494 sss

272 3517 768 3594 singulaverbisexquisitis.reduntur-
818 3537 895 3591 sqq.,
913 3523 959 3592 qui
977 3519 1059 3573 iidem
1077 3539 1167 3573 versus
1187 3539 1268 3592 quum
1281 3522 1316 3576 de

270 3621 334 3656 nam
352 3598 579 3671 praetervehuntur
596 3598 718 3664 Trojani;
731 3597 769 3650 sic
818 3601 931 3674 Calypso
946 3619 1053 3672 quoque
1063 3602 1096 3654 ab
1106 3605 1223 3656 Homero
1235 3605 1317 3674 positi

271 3681 402 3749 111‚699,
416 3694 475 3748 7⁰⁰·
492 3677 608 3728 Diuitem
619 3693 667 3726 cur
679 3674 770 3746 nppel·
818 3681 871 3732 sint
885 3678 980 3752 Odyss.
998 3681 1084 3746 1,61‚
1103 3682 1151 3745 62,
1170 3695 1201 3735 ex
1220 3681 1315 3734 eodem

271 3761 307 3814 let
319 3759 413 3812 Circen
419 3777 558 3824 „caussam
570 3771 636 3828 pnto
651 3773 707 3809 esse
720 3755 769 3808 do-
816 3757 877 3811 loco
887 3778 911 3810 r.
926 3759 958 3830 57
967 3761 1039 3812 -61
1053 3763 1160 3832 repetiit
1169 3761 1271 3832 reliqua
1281 3759 1315 3814 de

270 3857 329 3892 mus
342 3836 607 3908 opulentiam(unde
623 3855 684 3888 mox
701 3846 768 3887 tecta
816 3840 878 3892 ioco
895 3851 922 3891 et
941 3838 974 3892 de
992 3853 1102 3892 textura.
1119 3841 1188 3892 Nom
1205 3841 1254 3902 Πῦρ
1272 3835 1315 3904 pris

269 3921 378 3989 superbo
389 3917 413 3986 )‚
426 3933 505 3987 quem
517 3920 646 3970 Homerus
659 3933 766 3987 quoque
816 3918 851 3970 ὄπ’
865 3915 991 3988 ἐσχαρόφιν
1004 3918 1072 3986 palpa
1087 3920 1178 3981 ultre,
1191 3916 1276 3973 retiis
1289 3922 1315 3970 l·

271 4001 296 4052 ei
307 3997 399 4048 tribuit
411 3996 456 4048 l.l.
469 4014 493 4046 r.
509 4011 575 4061 nro,
590 4012 636 4046 nir
656 4008 682 4048 et
697 3994 765 4061 311,
815 3995 874 4063 illul
889 3993 970 4068 stilpon
988 3998 1009 4052 τ’
1025 3997 1140 4052 riuairsu
1154 3997 1215 4050 stu
1231 3997 1252 4050 π’
1266 3999 1315 4050 ini

270 4077 336 4144 314,
349 4075 415 4141 315,
428 4076 548 4147 inprinis
557 4075 609 4141 348
619 4091 678 4144 sqq.
692 4077 764 4128 conf.
814 4079 876 4132 riser
888 4077 967 4130 irritu
979 4074 1115 4144 Δαιομίγον.
1124 4079 1158 4130 ei.
1169 4078 1235 4131 Plin.
1243 4077 1313 4146 xiil,
