2996 4694
268 314 319 398 ,64
524 316 558 379 1³.
582 316 814 382 vinoun
837 319 1067 386 tttnorus

276 443 327 504 Fit
340 443 456 519 Beroe,
470 441 594 506 Tmarii
606 443 750 532 conjunx
761 443 909 532 longaeva
922 447 1069 536 Dorycli,
1201 510 1204 516 ,
1270 458 1317 507 62·

276 547 337 610 Cui
350 570 468 634 genus,
482 565 515 612 et
526 547 694 637 quondam
708 572 844 629 nomen,
859 551 993 640 natique
1007 552 1160 633 fuissent3

276 655 322 718 Ac
335 654 380 718 sic
393 652 618 718 Dardanidum
631 653 773 718 medium
786 676 821 720 se
834 655 992 721 matribus
1005 657 1123 722 infert:

279 738 487 838 alimiserae,
500 782 582 848 quas
594 783 661 823 non
673 783 804 839 manus,
820 763 941 850 inquit,
955 762 1096 828 Achaica
1109 762 1198 828 hello

276 867 426 932 Traxcrit
437 865 478 930 ad
490 866 594 930 letum
607 868 721 954 patriae
733 867 795 931 suh
807 867 985 932 moenibus!
1001 891 1021 933 o
1033 892 1113 957 gens

277 973 407 1036 Infelix!
422 973 475 1036 cui
489 989 519 1035 tc
533 972 631 1035 exitio
645 975 788 1036 Fortuna
801 975 963 1037 reservat?

276 1079 420 1166 Septima
434 1094 508 1166 post
519 1077 628 1166 Trojae
641 1077 804 1142 excidium
813 1079 881 1169 jam
894 1081 1033 1144 vertitur
1043 1098 1150 1160 aestuo,

276 1187 360 1249 Cum
372 1186 468 1262 freta,
482 1206 558 1247 cum
570 1200 671 1248 terras
685 1185 807 1264 omnis,
823 1204 871 1250 tot
884 1185 1051 1274 inhospita
1063 1209 1138 1252 saxa

277 1366 337 1430 aits
351 1365 399 1410 duo
413 1365 491 1408 Burru.
504 1359 635 1424 vultumque
647 1378 665 1405 r.
678 1360 776 1408 Dorrill.
788 1387 820 1398 —
833 1361 887 1408 620.
903 1364 939 1408 ra
950 1365 1017 1410 decor
1028 1374 1052 1411 et
1061 1369 1119 1411 varii
1130 1364 1202 1411 Wall.
1217 1383 1229 1412 a
1241 1383 1269 1412 m.
1283 1383 1320 1430 pr.

280 1439 353 1484 Venae
366 1437 448 1497 partim
458 1432 574 1478 scribitur.
593 1433 682 1476 Ismarii
691 1432 783 1494 vulgata
793 1430 863 1478 lectio
876 1447 929 1478 ante
949 1435 1028 1480 lieina.
1048 1453 1061 1480 e
1078 1435 1246 1482 recentior-ibat
1260 1440 1321 1494 (etti

278 1520 301 1552 et
313 1508 405 1551 Serviat
417 1517 541 1564 agnoscere
553 1501 661 1560 ridetur)
673 1504 744 1562 petita
757 1514 805 1548 erat
817 1499 895 1557 lihrit;
910 1505 995 1548 linarii
1007 1505 1113 1551 lleintiut
1125 1508 1237 1562 restituit,
1251 1510 1321 1552 etiarn

277 1577 391 1623 librorum
402 1575 550 1626 auctoritate,
562 1573 587 1616 in
598 1573 684 1636 quilius
695 1572 732 1618 vel
746 1575 830 1616 Tmarii
841 1573 939 1630 diserte,
950 1587 975 1620 ut
986 1577 1054 1621 etiam
1065 1579 1089 1622 in
1099 1577 1164 1622 liam.
1172 1579 1323 1642 fuit4inllle·

279 1649 324 1695 dic.
338 1665 350 1692 a
362 1663 392 1692 m.
405 1663 440 1708 pr.
455 1647 527 1699 Mari,
540 1661 552 1688 a
564 1659 609 1690 aer.
623 1646 714 1688 Tmarii.
728 1644 755 1686 ln
764 1655 818 1688 cett.
831 1645 912 1700 Marii,
927 1647 1023 1702 Tmarii,
1039 1649 1141 1703 Timarii,
1153 1651 1225 1705 Tarii,
1238 1648 1320 1695 Tauri.

279 1737 301 1767 v.
315 1719 393 1764 lleint.
406 1716 435 1761 ad
447 1715 470 1760 h.
485 1715 499 1759 Ι.
512 1727 535 1760 et
545 1715 574 1758 ef.
585 1714 614 1759 ad
624 1713 671 1758 Ecl.
684 1714 749 1768 Vlll,
758 1712 801 1768 44,
811 1714 852 1758 uhi
861 1714 1015 1762 similitetror
1025 1717 1142 1764 insederat
1153 1719 1220 1774 edtl.;
1230 1719 1322 1766 ridetur

280 1790 339 1838 adeo
352 1806 379 1834 et
392 1789 463 1832 Marii
470 1787 498 1831 ah
509 1784 675 1846 interpolatore
686 1786 775 1828 lsmarii
784 1784 867 1829 lactum
879 1800 936 1830 este.
948 1787 1061 1849 Pompon.
1071 1788 1124 1833 Sab.
1132 1789 1161 1834 ad
1171 1789 1195 1834 h.
1206 1789 1221 1834 l.
1233 1811 1244 1830 ι
1254 1792 1323 1836 Mara

282 1885 292 1904 ι
302 1863 361 1907 forte
371 1862 461 1905 Ismarii
471 1856 576 1917 Dorycli,
587 1856 692 1909 Thracii,
702 1857 731 1901 ah
740 1856 826 1900 lamara
836 1869 915 1902 monte
923 1857 1035 1902 Thracian.
1047 1858 1105 1904 Mihi
1114 1873 1162 1904 non
1172 1859 1259 1922 placet;
1269 1877 1323 1907 nam

282 1955 292 1974 ι
302 1934 392 1996 antiqui
405 1931 499 1976 codices
515 1927 694 1981 Mariihabent,
714 1939 736 1972 et
752 1926 802 1971 hac
813 1929 887 1973 Beroe·
902 1930 927 1972 in
942 1927 1020 1974 Sicilia
1037 1931 1152 1975 manebat.
1169 1932 1196 1974 ln
1209 1931 1323 1978 Bucolici·

282 2023 293 2044 ι
303 2005 447 2065 Apronianus
459 2002 506 2046 ait:
519 1999 595 2044 illator
607 2013 673 2042 mont
683 1997 798 2051 Thraciae,
812 1997 852 2042 ubi
862 1997 929 2042 Maro
938 2001 1018 2044 vinum
1029 1999 1095 2045 dedit
1103 1999 1191 2064 Ulysai,
1202 2015 1225 2047 et
1235 2001 1323 2048 Probat

282 2097 292 2116 ι
303 2079 326 2122 ἰιι
336 2070 526 2119 commentariolo
538 2072 703 2132 Georgicorum
715 2067 769 2114 facit
780 2071 930 2115 mentionem.
943 2090 953 2110 ι
965 2071 1037 2117 Videt
1048 2087 1101 2118 vera
1112 2070 1174 2117 iahia
1183 2074 1252 2118 mixta
1264 2087 1322 2119 ease.

283 2150 376 2193 Tmaros
388 2149 411 2191 in
425 2144 508 2190 linihut
520 2143 623 2188 Dodona·
635 2144 697 2204 Epiri
709 2156 775 2187 mont
786 2154 851 2188 erat:
865 2139 981 2204 Tipaptt,
993 2138 1094 2205 Τμᾶρις.
1105 2145 1166 2190 conf.
1179 2145 1259 2208 Steph.
1268 2147 1323 2210 Byr.

280 2215 451 2264 Interearalim
464 2216 581 2260 licitttium
592 2213 710 2268 docuisse,
723 2212 841 2275 quomodo
851 2213 913 2257 inter
924 2215 1034 2276 Trajanas
1043 2213 1154 2260 mulieret
1164 2229 1212 2260 cate
1222 2217 1325 2278 potuerit

280 2306 338 2336 uxor
347 2286 439 2348 Dorycli
448 2290 543 2342 Tmarii,
551 2303 563 2332 a
572 2294 644 2332 monte
652 2287 718 2347 Epiri
723 2283 842 2348 appellati.
850 2285 879 2328 At
886 2287 977 2330 Ismarii
982 2285 1080 2347 alicujut
1089 2301 1101 2330 e
1113 2284 1208 2332 Thracia
1216 2287 1309 2333 oriundi
1315 2322 1325 2344 ‚

281 2377 334 2406 cum
346 2360 416 2404 multa
428 2359 543 2404 Thracum
553 2359 737 2419 etTrojanorum
746 2369 904 2401 memorentur
910 2357 980 2402 luitte
989 2361 1140 2414 commercia,
1148 2375 1206 2404 utor
1214 2362 1324 2406 intereate

281 2430 350 2476 lacile
361 2431 445 2492 potuit.
456 2430 572 2474 llartenut
585 2431 666 2489 utique
676 2426 773 2471 altorum
784 2426 828 2472 hoc
837 2426 901 2472 haud
911 2423 982 2474 dubie
995 2429 1078 2474 retius.
1090 2431 1149 2473 Sunt
1158 2431 1230 2486 forte,
1240 2445 1292 2492 qnae
1302 2441 1326 2476 et

279 2502 317 2548 hit
329 2516 434 2563 reponat.
446 2502 538 2546 lh'neam
550 2501 618 2545 etiarn
628 2499 748 2544 Dodonam
760 2497 856 2552 adiisse,
867 2515 879 2542 a
889 2498 1009 2544 nonnullis
1018 2499 1062 2544 tuit
1071 2500 1188 2545 traditum.
1199 2518 1220 2546 ιι.
1230 2501 1324 2545 Earum,

282 2572 312 2617 de
324 2573 399 2615 AEnea·
410 2571 511 2624 littora,
523 2581 546 2614 et
562 2570 611 2630 ipre
626 2580 693 2629 poeta
706 2581 795 2623 notter,
813 2570 853 2629 qui
870 2571 1027 2615 etccntionem
1045 2569 1074 2614 ad
1089 2570 1226 2616 Buthrotum
1241 2571 1326 2615 iactam

282 2658 333 2703 aup.
346 2641 390 2694 ill,
407 2641 451 2700 293
463 2655 514 2702 tqq.
529 2650 674 2694 narraverat,
689 2639 731 2683 arth
746 2639 871 2683 discentum
886 2639 915 2683 ah
930 2641 993 2702 Epiri
1005 2639 1073 2686 litore
1088 2657 1109 2685 v.
1128 2639 1181 2702 470.
1203 2639 1245 2697 47ι
1264 2643 1326 2685 inter

280 2712 364 2759 lleleni
376 2727 472 2757 munera
482 2710 603 2773 hospitalia
616 2727 621 2756 t
633 2711 705 2755 Addit
715 2725 795 2774 equos,
807 2710 913 2775 additque
925 2713 1000 2756 daces.
1014 2713 1136 2776 Remiqiam
1145 2711 1245 2775 supplet,
1255 2715 1327 2758 socios

281 2783 350 2831 simul
358 2783 610 2846 instrur'tanmimquod
620 2783 678 2828 inira
692 2799 713 2827 v.
724 2781 769 2838 646
780 2783 860 2829 eadem
869 2782 1050 2830 lieroellltteteia
1058 2783 1186 2845 appellata,
1199 2782 1231 2826 nil
1239 2798 1328 2844 repug-

281 2871 351 2910 nare,
366 2869 415 2900 aare
429 2855 497 2899 docte
510 2853 597 2898 dictum
610 2869 653 2915 pro
668 2856 772 2916 Trojano.
787 2855 860 2900 Locut
875 2866 952 2900 tamen
962 2853 1000 2900 vel
1011 2856 1044 2898 tic
1054 2855 1115 2898 inter
1127 2867 1166 2898 cot
1176 2851 1326 2910 referendus,

281 2925 408 2988 inquibus
426 2926 485 2968 ratio
504 2926 596 2978 critica,
615 2936 730 2986 quatenus
744 2925 768 2968 in
782 2923 894 2969 librorum
909 2940 952 2970 utu
971 2937 1087 2979 vertatur,
1106 2921 1174 2968 aliam
1188 2920 1326 2980 lectionem,

281 2994 350 3042 aliam
360 3009 438 3038 rerum
447 2996 506 3038 ratio
516 3005 539 3038 et
546 2992 630 3055 judicii
641 2993 756 3038 subtilitas
766 2993 1009 3040 defendit'lamarium
1020 2993 1137 3038 hominem
1148 2993 1217 3038 ctiam
1227 2993 1327 3054 requirit

280 3068 367 3112 Beroea
376 3068 510 3120 auctoritas,
526 3080 595 3128 quam
606 3065 675 3128 Troja
688 3065 791 3127 prolecta
804 3079 907 3110 matrona
920 3065 1006 3112 hahere
1019 3068 1107 3128 potuit,
1122 3079 1170 3109 uon
1185 3079 1225 3120 ea,
1237 3078 1289 3126 quae
1301 3065 1327 3108 in

280 3140 365 3184 itinere
376 3138 420 3182 fuit
432 3137 521 3183 allecta.
542 3139 632 3182 ismarii
643 3140 711 3183 etiarn
723 3139 850 3183 defendere
864 3137 932 3183 video
944 3154 1047 3201 rapacem
1062 3140 1135 3184 virum
1148 3137 1248 3182 Ouwent
1259 3135 1326 3179 Nort.

280 3209 338 3270 Hag.
348 3225 371 3270 p.
385 3206 436 3262 ilai.
449 3207 563 3271 Doryeltu
574 3207 659 3254 nothus
672 3210 755 3254 Priami
768 3208 828 3255 liliut
841 3223 981 3255 memoratur
994 3210 1095 3254 llomero
1109 3206 1175 3253 lliad.
1189 3218 1216 3257 λ,
1229 3203 1282 3263 489.
1295 3228 1327 3238 -

281 3281 335 3324 621.
355 3277 414 3336 Quoi
423 3282 489 3323 etiam
501 3279 614 3341 quondam
630 3283 679 3324 nati
689 3295 811 3344 nomenque
817 3281 839 3343 f.
858 3280 894 3326 ctl.
908 3282 980 3336 Van,
992 3279 1061 3324 male.
1073 3303 1104 3313 —
1116 3277 1169 3321 622.
1185 3273 1328 3319 Dardanium

281 3349 370 3413 aliquot
381 3350 440 3396 Pier.
451 3365 504 3396 curn
516 3349 584 3394 Wall.
600 3362 622 3396 et
634 3350 703 3396 Goth.
717 3365 768 3397 tert.
780 3351 882 3397 maurilius
892 3351 961 3396 Goth.
973 3367 1008 3412 pr.
1017 3348 1087 3410 offert
1097 3345 1155 3390 alter
1167 3342 1248 3386 llamh.
1256 3378 1262 3399 ,
1271 3357 1294 3389 at
1303 3361 1325 3390 v.

280 3423 359 3468 Burni.
370 3448 401 3458 —
412 3421 465 3468 623.
479 3420 567 3466 Achaia
579 3435 625 3468 tret
635 3425 713 3470 lleint.
729 3426 759 3469 ci.
775 3424 804 3470 ad
817 3426 844 3469 ΙΙ.
858 3423 911 3479 462.
925 3448 955 3458 -
965 3419 1018 3474 6²4.
1035 3422 1146 3462 Trasemt
1157 3417 1233 3476 Sprot.
1253 3419 1327 3480 (ii-oja

281 3491 322 3539 tub
332 3493 401 3538 Goth.
414 3509 460 3540 tec.
472 3519 503 3528 -
514 3494 568 3540 625.
578 3498 671 3540 exitium
681 3497 741 3541 Gud.
752 3499 804 3542 a'm.
815 3512 850 3556 pr.
863 3497 928 3539 Witt.
938 3515 970 3527 —
977 3488 1030 3534 626·
1040 3486 1138 3533 volvitur
1147 3487 1238 3549 Menog-
1249 3504 1285 3550 pr·
1294 3513 1326 3523 -

281 3561 334 3624 6²7.
345 3568 395 3626 jam
407 3575 477 3610 terras
487 3567 595 3613 llottend.
606 3580 659 3612 tert.
672 3577 743 3613 terras
755 3565 856 3612 alterata
867 3567 944 3617 vora,
958 3573 981 3606 et
992 3573 1045 3604 mox
1058 3571 1107 3604 erat
1118 3561 1189 3605 saris.
1201 3561 1261 3606 Sane
1273 3559 1328 3622 qui·

283 3714 377 3765 tamin
394 3714 531 3766 Harduino
551 3716 699 3770 refellendo
718 3733 779 3785 pcr-
829 3711 901 3783 quod
918 3710 1086 3761 miseratione
1106 3710 1197 3760 animia
1217 3723 1244 3757 sc
1264 3707 1327 3758 inti·

284 3793 346 3846 dere
369 3793 464 3864 Georg.
486 3796 522 3860 ll,
537 3797 596 3862 aio.
610 3795 684 3848 Salsa
703 3793 779 3846 tellas
827 3803 908 3856 nnat,
938 3802 1080 3859 antequam
1117 3788 1151 3841 ad
1184 3784 1325 3838 consilium

282 3891 372 3924 ——aec
388 3871 491 3922 Baccho
503 3892 585 3943 penas
602 3885 695 3926 semar.
707 3872 779 3942 fuis·
829 3889 904 3921 suurn
917 3869 1107 3941 proferendum
1127 3865 1272 3918 descendit.
1295 3866 1325 3916 lu

283 3965 339 4006 tent
350 3970 399 4022 pro
415 3950 587 4020 (nifueraat.
828 3967 865 4001 vs.
880 3951 931 4002 623
946 3959 1000 4020 scip
1021 3949 1152 4000 sententia
1163 3947 1219 3998 fere
1239 3942 1324 4014 qualit

318 4029 479 4096 fiat-640.
514 4031 605 4083 Artem
640 4049 777 4105 agnosce,
827 4047 885 4102 sup.
900 4033 926 4098 1,
943 4031 977 4102 94
990 4047 1030 4100 sq.
1043 4042 1069 4082 et
1081 4022 1323 4094 tiana-626.
