<?xml version="1.0" encoding="UTF-8"?>
<!DOCTYPE html PUBLIC "-//W3C//DTD XHTML 1.0 Transitional//EN"
    "http://www.w3.org/TR/xhtml1/DTD/xhtml1-transitional.dtd">
<html xmlns="http://www.w3.org/1999/xhtml" xml:lang="en" lang="en">
 <head>
  <title>
</title>
<meta http-equiv="Content-Type" content="text/html;charset=utf-8" />
  <meta name='ocr-system' content='tesseract 3.04.00' />
  <meta name='ocr-capabilities' content='ocr_page ocr_carea ocr_par ocr_line ocrx_word'/>
</head>
<body>
  <div class='ocr_page' id='page_1' title='image "./pvirgiliusmaroq05barbgoog_0233.png"; bbox 0 0 3028 4682; ppageno 0'>
   <div class='ocr_carea' id='block_1_1' title="bbox 519 353 1232 429">
    <p class='ocr_par' dir='ltr' id='par_1_1' title="bbox 519 353 1232 429">
     <span class='ocr_line' id='line_1_1' title="bbox 519 353 1232 429; baseline -0.004 -13"><span class='ocrx_word' id='word_1_1' title='bbox 519 353 582 416; x_wconf 75' lang='lat' dir='ltr'><strong><em>su</em></strong></span> <span class='ocrx_word' id='word_1_2' title='bbox 605 353 807 416; x_wconf 72' lang='lat' dir='ltr'><strong><em>clauum</em></strong></span> <span class='ocrx_word' id='word_1_3' title='bbox 829 353 893 416; x_wconf 82' lang='lat' dir='ltr'><strong><em>vs.</em></strong></span> <span class='ocrx_word' id='word_1_4' title='bbox 1169 362 1232 429; x_wconf 70' lang='lat'><strong><em>223</em></strong></span> 
     </span>
    </p>
   </div>
   <div class='ocr_carea' id='block_1_2' title="bbox 192 474 1237 797">
    <p class='ocr_par' dir='ltr' id='par_1_2' title="bbox 192 474 1237 797">
     <span class='ocr_line' id='line_1_2' title="bbox 192 474 1236 557; baseline 0.006 -29"><span class='ocrx_word' id='word_1_5' title='bbox 192 476 326 542; x_wconf 80' lang='lat' dir='ltr'><strong><em>inditum,</em></strong></span> <span class='ocrx_word' id='word_1_6' title='bbox 338 477 386 548; x_wconf 75' lang='lat' dir='ltr'><strong><em>qui</em></strong></span> <span class='ocrx_word' id='word_1_7' title='bbox 394 475 474 528; x_wconf 83' lang='lat' dir='ltr'><strong><em>etium</em></strong></span> <span class='ocrx_word' id='word_1_8' title='bbox 489 492 561 526; x_wconf 89' lang='lat' dir='ltr'><strong><em>nunc</em></strong></span> <span class='ocrx_word' id='word_1_9' title='bbox 569 474 699 526; x_wconf 80' lang='lat' dir='ltr'><strong><em>Euxiuius</em></strong></span> <span class='ocrx_word' id='word_1_10' title='bbox 709 475 780 527; x_wconf 87' lang='lat' dir='ltr'><strong><em>sinus</em></strong></span> <span class='ocrx_word' id='word_1_11' title='bbox 791 474 907 545; x_wconf 85' lang='lat' dir='ltr'><strong><em>dicitur(</em></strong></span> <span class='ocrx_word' id='word_1_12' title='bbox 918 493 1015 530; x_wconf 85' lang='lat' dir='ltr'><strong><em>namen</em></strong></span> <span class='ocrx_word' id='word_1_13' title='bbox 1023 475 1076 532; x_wconf 87' lang='lat' dir='ltr'><strong><em>hoc</em></strong></span> <span class='ocrx_word' id='word_1_14' title='bbox 1084 499 1101 534; x_wconf 82' lang='lat' dir='ltr'><strong><em>a</em></strong></span> <span class='ocrx_word' id='word_1_15' title='bbox 1109 487 1236 557; x_wconf 81' lang='lat' dir='ltr'><strong><em>quopiam</em></strong></span> 
     </span>
     <span class='ocr_line' id='line_1_3' title="bbox 192 554 1236 638; baseline 0.003 -26"><span class='ocrx_word' id='word_1_16' title='bbox 192 558 245 612; x_wconf 85' lang='lat' dir='ltr'><strong><em>alio</em></strong></span> <span class='ocrx_word' id='word_1_17' title='bbox 266 558 408 610; x_wconf 80' lang='lat' dir='ltr'><strong><em>memorari</em></strong></span> <span class='ocrx_word' id='word_1_18' title='bbox 429 554 548 606; x_wconf 87' lang='lat' dir='ltr'><strong><em>nondum</em></strong></span> <span class='ocrx_word' id='word_1_19' title='bbox 566 554 634 617; x_wconf 83' lang='lat' dir='ltr'><strong><em>vidi;</em></strong></span> <span class='ocrx_word' id='word_1_20' title='bbox 656 555 772 606; x_wconf 82' lang='lat' dir='ltr'><strong><em>farteab</em></strong></span> <span class='ocrx_word' id='word_1_21' title='bbox 785 555 876 626; x_wconf 81' lang='lat' dir='ltr'><strong><em>aliquo</em></strong></span> <span class='ocrx_word' id='word_1_22' title='bbox 895 569 1003 610; x_wconf 85' lang='lat' dir='ltr'><strong><em>auctore</em></strong></span> <span class='ocrx_word' id='word_1_23' title='bbox 1024 562 1172 636; x_wconf 80' lang='lat' dir='ltr'><strong><em>proditura,</em></strong></span> <span class='ocrx_word' id='word_1_24' title='bbox 1190 570 1236 638; x_wconf 88' lang='lat' dir='ltr'><strong><em>qai</em></strong></span> 
     </span>
     <span class='ocr_line' id='line_1_4' title="bbox 192 634 1237 716; baseline 0.005 -25"><span class='ocrx_word' id='word_1_25' title='bbox 192 639 361 703; x_wconf 85' lang='lat' dir='ltr'><strong><em>Cimmerios,</em></strong></span> <span class='ocrx_word' id='word_1_26' title='bbox 375 654 488 709; x_wconf 87' lang='lat' dir='ltr'><strong><em>qaorum</em></strong></span> <span class='ocrx_word' id='word_1_27' title='bbox 497 634 587 688; x_wconf 87' lang='lat' dir='ltr'><strong><em>sedem</em></strong></span> <span class='ocrx_word' id='word_1_28' title='bbox 599 638 626 686; x_wconf 90' lang='lat' dir='ltr'><strong><em>ia</em></strong></span> <span class='ocrx_word' id='word_1_29' title='bbox 635 635 677 689; x_wconf 85' lang='lat' dir='ltr'><strong><em>bis</em></strong></span> <span class='ocrx_word' id='word_1_30' title='bbox 689 636 755 687; x_wconf 91' lang='lat' dir='ltr'><strong><em>locis</em></strong></span> <span class='ocrx_word' id='word_1_31' title='bbox 772 634 896 688; x_wconf 76' lang='lat' dir='ltr'><strong>traditam</strong></span> <span class='ocrx_word' id='word_1_32' title='bbox 908 637 1025 702; x_wconf 81' lang='lat' dir='ltr'><strong><em>viderat,</em></strong></span> <span class='ocrx_word' id='word_1_33' title='bbox 1043 659 1059 692; x_wconf 84' lang='lat' dir='ltr'><strong><em>a</em></strong></span> <span class='ocrx_word' id='word_1_34' title='bbox 1074 643 1193 716; x_wconf 72' lang='lat' dir='ltr'><strong><em>bosporo</em></strong></span> <span class='ocrx_word' id='word_1_35' title='bbox 1210 661 1237 700; x_wconf 82' lang='lat' dir='ltr'><strong><em>et</em></strong></span> 
     </span>
     <span class='ocr_line' id='line_1_5' title="bbox 192 717 1236 797; baseline 0.003 -25"><span class='ocrx_word' id='word_1_36' title='bbox 192 720 260 772; x_wconf 81' lang='lat' dir='ltr'><strong><em>meri</em></strong></span> <span class='ocrx_word' id='word_1_37' title='bbox 271 719 373 770; x_wconf 78' lang='lat' dir='ltr'><strong><em>Euxino</em></strong></span> <span class='ocrx_word' id='word_1_38' title='bbox 392 717 445 770; x_wconf 88' lang='lat' dir='ltr'><strong><em>huc</em></strong></span> <span class='ocrx_word' id='word_1_39' title='bbox 462 719 637 789; x_wconf 84' lang='lat' dir='ltr'><strong><em>vocaverat):</em></strong></span> <span class='ocrx_word' id='word_1_40' title='bbox 658 735 793 789; x_wconf 75' lang='lat' dir='ltr'><strong><em>quumque</em></strong></span> <span class='ocrx_word' id='word_1_41' title='bbox 804 717 979 788; x_wconf 86' lang='lat' dir='ltr'><strong><em>comperisset,</em></strong></span> <span class='ocrx_word' id='word_1_42' title='bbox 996 720 1089 772; x_wconf 82' lang='lat' dir='ltr'><strong><em>ibidem</em></strong></span> <span class='ocrx_word' id='word_1_43' title='bbox 1107 725 1236 797; x_wconf 79' lang='lat' dir='ltr'><em>Sibyllam</em></span> 
     </span>
    </p>
   </div>
   <div class='ocr_carea' id='block_1_3' title="bbox 192 795 1246 3183">
    <p class='ocr_par' dir='ltr' id='par_1_3' title="bbox 192 795 1242 1906">
     <span class='ocr_line' id='line_1_6' title="bbox 193 795 1237 873; baseline 0.008 -23"><span class='ocrx_word' id='word_1_44' title='bbox 193 795 346 852; x_wconf 73' lang='lat' dir='ltr'><strong><em>mortalibus</em></strong></span> <span class='ocrx_word' id='word_1_45' title='bbox 352 797 450 868; x_wconf 84' lang='lat' dir='ltr'><strong><em>futura</em></strong></span> <span class='ocrx_word' id='word_1_46' title='bbox 461 796 602 868; x_wconf 75' lang='lat' dir='ltr'><strong><em>praecinere</em></strong></span> <span class='ocrx_word' id='word_1_47' title='bbox 615 797 642 848; x_wconf 86' lang='lat' dir='ltr'><strong><em>in</em></strong></span> <span class='ocrx_word' id='word_1_48' title='bbox 655 796 766 868; x_wconf 87' lang='lat' dir='ltr'><strong><em>oppido,</em></strong></span> <span class='ocrx_word' id='word_1_49' title='bbox 781 797 853 869; x_wconf 80' lang='lat' dir='ltr'><strong><em>quod</em></strong></span> <span class='ocrx_word' id='word_1_50' title='bbox 864 807 973 849; x_wconf 86' lang='lat' dir='ltr'><strong><em>vocatur</em></strong></span> <span class='ocrx_word' id='word_1_51' title='bbox 983 799 1153 856; x_wconf 78' lang='lat' dir='ltr'><strong><em>Cimberionis</em></strong></span> <span class='ocrx_word' id='word_1_52' title='bbox 1165 805 1175 873; x_wconf 96' lang='lat'>(</span> <span class='ocrx_word' id='word_1_53' title='bbox 1188 809 1237 858; x_wconf 82' lang='lat' dir='ltr'><strong><em>Cu-</em></strong></span> 
     </span>
     <span class='ocr_line' id='line_1_7' title="bbox 192 876 1236 957; baseline 0.002 -25"><span class='ocrx_word' id='word_1_54' title='bbox 192 897 296 932; x_wconf 80' lang='lat' dir='ltr'><strong><em>marum</em></strong></span> <span class='ocrx_word' id='word_1_55' title='bbox 307 897 361 930; x_wconf 88' lang='lat' dir='ltr'><strong><em>non</em></strong></span> <span class='ocrx_word' id='word_1_56' title='bbox 373 879 442 932; x_wconf 87' lang='lat' dir='ltr'><strong><em>male</em></strong></span> <span class='ocrx_word' id='word_1_57' title='bbox 461 877 753 938; x_wconf 70' lang='lat' dir='ltr'><strong><em>emendatArnseuiu93</em></strong></span> <span class='ocrx_word' id='word_1_58' title='bbox 772 895 806 928; x_wconf 84' lang='lat' dir='ltr'><strong><em>aa</em></strong></span> <span class='ocrx_word' id='word_1_59' title='bbox 823 876 887 930; x_wconf 88' lang='lat' dir='ltr'><strong><em>latet</em></strong></span> <span class='ocrx_word' id='word_1_60' title='bbox 906 877 1083 931; x_wconf 80' lang='lat' dir='ltr'><strong><em>Cimmerion?</em></strong></span> <span class='ocrx_word' id='word_1_61' title='bbox 1103 885 1143 936; x_wconf 88' lang='lat' dir='ltr'><strong><em>lta</em></strong></span> <span class='ocrx_word' id='word_1_62' title='bbox 1164 887 1236 957; x_wconf 81' lang='lat' dir='ltr'><strong><em>apud</em></strong></span> 
     </span>
     <span class='ocr_line' id='line_1_8' title="bbox 192 956 1238 1040; baseline 0.007 -30"><span class='ocrx_word' id='word_1_63' title='bbox 192 959 292 1012; x_wconf 85' lang='lat' dir='ltr'><strong><em>Tibull.</em></strong></span> <span class='ocrx_word' id='word_1_64' title='bbox 304 961 340 1010; x_wconf 78' lang='grc' dir='ltr'><em>Ν</em></span> <span class='ocrx_word' id='word_1_65' title='bbox 346 995 354 1024; x_wconf 94' lang='grc'>,</span> <span class='ocrx_word' id='word_1_66' title='bbox 372 977 398 1024; x_wconf 82' lang='lat' dir='ltr'><strong><em>t,</em></strong></span> <span class='ocrx_word' id='word_1_67' title='bbox 419 959 453 1025; x_wconf 73' lang='lat' dir='ltr'><strong><em>ful</em></strong></span> <span class='ocrx_word' id='word_1_68' title='bbox 468 959 559 1010; x_wconf 84' lang='lat' dir='ltr'><strong><em>multi:</em></strong></span> <span class='ocrx_word' id='word_1_69' title='bbox 580 958 738 1010; x_wconf 79' lang='lat' dir='ltr'><strong><em>Cimmerion</em></strong></span> <span class='ocrx_word' id='word_1_70' title='bbox 751 956 831 1036; x_wconf 78' lang='lat' dir='ltr'><strong><em>etiam</em></strong></span> <span class='ocrx_word' id='word_1_71' title='bbox 844 957 962 1010; x_wconf 85' lang='lat' dir='ltr'><strong><em>obscuras</em></strong></span> <span class='ocrx_word' id='word_1_72' title='bbox 979 961 1082 1012; x_wconf 86' lang='lat' dir='ltr'><strong><em>accessit</em></strong></span> <span class='ocrx_word' id='word_1_73' title='bbox 1095 963 1130 1014; x_wconf 90' lang='lat' dir='ltr'><strong><em>ad</em></strong></span> <span class='ocrx_word' id='word_1_74' title='bbox 1147 969 1238 1040; x_wconf 89' lang='lat' dir='ltr'><strong><em>arces)</em></strong></span> 
     </span>
     <span class='ocr_line' id='line_1_9' title="bbox 194 1039 1238 1114; baseline 0.002 -22"><span class='ocrx_word' id='word_1_75' title='bbox 194 1039 291 1092; x_wconf 73' lang='lat' dir='ltr'><strong><em>veniae</em></strong></span> <span class='ocrx_word' id='word_1_76' title='bbox 304 1057 334 1092; x_wconf 83' lang='lat' dir='ltr'><strong><em>eo</em></strong></span> <span class='ocrx_word' id='word_1_77' title='bbox 352 1040 510 1093; x_wconf 74' lang='lat' dir='ltr'><strong><em>sciscitatum</em></strong></span> <span class='ocrx_word' id='word_1_78' title='bbox 524 1039 556 1090; x_wconf 79' lang='lat' dir='ltr'><strong><em>de</em></strong></span> <span class='ocrx_word' id='word_1_79' title='bbox 567 1049 636 1092; x_wconf 89' lang='lat' dir='ltr'><strong><em>statu</em></strong></span> <span class='ocrx_word' id='word_1_80' title='bbox 651 1040 826 1109; x_wconf 84' lang='lat' dir='ltr'><strong><em>fortunarum</em></strong></span> <span class='ocrx_word' id='word_1_81' title='bbox 844 1055 969 1088; x_wconf 82' lang='lat' dir='ltr'><strong><em>suorum.-</em></strong></span> <span class='ocrx_word' id='word_1_82' title='bbox 990 1039 1137 1114; x_wconf 77' lang='lat' dir='ltr'><strong><em>auditisque</em></strong></span> <span class='ocrx_word' id='word_1_83' title='bbox 1150 1045 1219 1113; x_wconf 79' lang='lat' dir='ltr'><strong><em>fatis</em></strong></span> <span class='ocrx_word' id='word_1_84' title='bbox 1228 1084 1238 1112; x_wconf 89' lang='lat'><em>,</em></span> 
     </span>
     <span class='ocr_line' id='line_1_10' title="bbox 195 1115 1239 1196; baseline 0.005 -28"><span class='ocrx_word' id='word_1_85' title='bbox 195 1116 320 1183; x_wconf 85' lang='lat' dir='ltr'><strong><em>uetitum,</em></strong></span> <span class='ocrx_word' id='word_1_86' title='bbox 334 1119 530 1192; x_wconf 71' lang='lat' dir='ltr'><strong><em>asbcoynitom</em></strong></span> <span class='ocrx_word' id='word_1_87' title='bbox 541 1116 666 1186; x_wconf 87' lang='lat' dir='ltr'><strong><em>(ultimas</em></strong></span> <span class='ocrx_word' id='word_1_88' title='bbox 678 1115 744 1168; x_wconf 88' lang='lat' dir='ltr'><strong><em>duas</em></strong></span> <span class='ocrx_word' id='word_1_89' title='bbox 755 1133 848 1180; x_wconf 83' lang='lat' dir='ltr'><strong><em>voces,</em></strong></span> <span class='ocrx_word' id='word_1_90' title='bbox 863 1116 1024 1188; x_wconf 76' lang='lat' dir='ltr'><strong><em>iscoqnitam</em></strong></span> <span class='ocrx_word' id='word_1_91' title='bbox 1031 1156 1039 1182; x_wconf 87' lang='lat'>,</span> <span class='ocrx_word' id='word_1_92' title='bbox 1053 1131 1097 1170; x_wconf 90' lang='lat' dir='ltr'><strong><em>ant</em></strong></span> <span class='ocrx_word' id='word_1_93' title='bbox 1107 1139 1139 1171; x_wconf 81' lang='lat' dir='ltr'><strong><em>ex</em></strong></span> <span class='ocrx_word' id='word_1_94' title='bbox 1149 1121 1239 1196; x_wconf 70' lang='lat' dir='ltr'><strong><em>incop-</em></strong></span> 
     </span>
     <span class='ocr_line' id='line_1_11' title="bbox 194 1195 1240 1271; baseline 0.007 -25"><span class='ocrx_word' id='word_1_95' title='bbox 194 1195 279 1246; x_wconf 88' lang='lat' dir='ltr'><strong><em>nitam</em></strong></span> <span class='ocrx_word' id='word_1_96' title='bbox 291 1209 382 1261; x_wconf 85' lang='lat' dir='ltr'><strong><em>natas,</em></strong></span> <span class='ocrx_word' id='word_1_97' title='bbox 394 1211 440 1249; x_wconf 85' lang='lat' dir='ltr'><strong><em>ant</em></strong></span> <span class='ocrx_word' id='word_1_98' title='bbox 452 1196 559 1250; x_wconf 80' lang='lat' dir='ltr'><strong><em>aliunde</em></strong></span> <span class='ocrx_word' id='word_1_99' title='bbox 570 1197 707 1266; x_wconf 76' lang='lat' dir='ltr'><strong><em>irrepsisse</em></strong></span> <span class='ocrx_word' id='word_1_100' title='bbox 721 1207 800 1265; x_wconf 84' lang='lat' dir='ltr'><strong><em>puto,</em></strong></span> <span class='ocrx_word' id='word_1_101' title='bbox 813 1213 894 1264; x_wconf 87' lang='lat' dir='ltr'><strong><em>quum</em></strong></span> <span class='ocrx_word' id='word_1_102' title='bbox 907 1195 1062 1268; x_wconf 64' lang='lat' dir='ltr'><strong><em>cognatione</em></strong></span> <span class='ocrx_word' id='word_1_103' title='bbox 1073 1203 1240 1271; x_wconf 83' lang='lat' dir='ltr'><strong><em>conjunctam</em></strong></span> 
     </span>
     <span class='ocr_line' id='line_1_12' title="bbox 195 1273 1239 1350; baseline 0.003 -22"><span class='ocrx_word' id='word_1_104' title='bbox 195 1274 384 1346; x_wconf 83' lang='lat' dir='ltr'><strong><em>interpretatus</em></strong></span> <span class='ocrx_word' id='word_1_105' title='bbox 401 1289 469 1328; x_wconf 89' lang='lat' dir='ltr'><strong><em>esset</em></strong></span> <span class='ocrx_word' id='word_1_106' title='bbox 489 1277 586 1346; x_wconf 83' lang='lat' dir='ltr'><strong><em>eliquit</em></strong></span> <span class='ocrx_word' id='word_1_107' title='bbox 602 1275 758 1347; x_wconf 79' lang='lat' dir='ltr'><strong><em>coynatum)</em></strong></span> <span class='ocrx_word' id='word_1_108' title='bbox 781 1274 807 1324; x_wconf 88' lang='lat' dir='ltr'><strong><em>in</em></strong></span> <span class='ocrx_word' id='word_1_109' title='bbox 828 1273 909 1326; x_wconf 84' lang='lat' dir='ltr'><strong><em>ltalia</em></strong></span> <span class='ocrx_word' id='word_1_110' title='bbox 930 1273 1050 1345; x_wconf 74' lang='lat' dir='ltr'><strong><em>sepeliret</em></strong></span> <span class='ocrx_word' id='word_1_111' title='bbox 1063 1277 1239 1350; x_wconf 72' lang='lat' dir='ltr'><strong><em>Prochytam,</em></strong></span> 
     </span>
     <span class='ocr_line' id='line_1_13' title="bbox 194 1352 1240 1432; baseline 0.005 -28"><span class='ocrx_word' id='word_1_112' title='bbox 194 1355 352 1426; x_wconf 85' lang='lat' dir='ltr'><strong><em>coynotione</em></strong></span> <span class='ocrx_word' id='word_1_113' title='bbox 362 1355 412 1408; x_wconf 89' lang='lat' dir='ltr'><strong><em>sibi</em></strong></span> <span class='ocrx_word' id='word_1_114' title='bbox 423 1359 605 1427; x_wconf 81' lang='lat' dir='ltr'><strong><em>conjunctam,</em></strong></span> <span class='ocrx_word' id='word_1_115' title='bbox 618 1373 700 1428; x_wconf 86' lang='lat' dir='ltr'><strong><em>quam</em></strong></span> <span class='ocrx_word' id='word_1_116' title='bbox 714 1352 872 1406; x_wconf 88' lang='lat' dir='ltr'><strong><em>incolumem</em></strong></span> <span class='ocrx_word' id='word_1_117' title='bbox 886 1353 1040 1426; x_wconf 77' lang='lat' dir='ltr'><strong><em>reliquerat,-</em></strong></span> <span class='ocrx_word' id='word_1_118' title='bbox 1055 1367 1094 1422; x_wconf 87' lang='lat' dir='ltr'><strong><em>et,</em></strong></span> <span class='ocrx_word' id='word_1_119' title='bbox 1105 1370 1240 1432; x_wconf 78' lang='lat' dir='ltr'><strong><em>postquam</em></strong></span> 
     </span>
     <span class='ocr_line' id='line_1_14' title="bbox 195 1431 1240 1511; baseline 0.002 -23"><span class='ocrx_word' id='word_1_120' title='bbox 195 1433 233 1484; x_wconf 78' lang='lat' dir='ltr'><strong><em>ad</em></strong></span> <span class='ocrx_word' id='word_1_121' title='bbox 240 1431 343 1488; x_wconf 76' lang='lat' dir='ltr'><strong><em>classem</em></strong></span> <span class='ocrx_word' id='word_1_122' title='bbox 355 1435 442 1500; x_wconf 86' lang='lat' dir='ltr'><strong><em>rediit,</em></strong></span> <span class='ocrx_word' id='word_1_123' title='bbox 453 1436 599 1507; x_wconf 79' lang='lat' dir='ltr'><strong><em>reperitque</em></strong></span> <span class='ocrx_word' id='word_1_124' title='bbox 610 1445 750 1499; x_wconf 85' lang='lat' dir='ltr'><strong><em>mortuam,</em></strong></span> <span class='ocrx_word' id='word_1_125' title='bbox 760 1433 787 1484; x_wconf 89' lang='lat' dir='ltr'><strong><em>iu</em></strong></span> <span class='ocrx_word' id='word_1_126' title='bbox 797 1431 883 1486; x_wconf 82' lang='lat' dir='ltr'><strong><em>insula</em></strong></span> <span class='ocrx_word' id='word_1_127' title='bbox 890 1433 1012 1504; x_wconf 85' lang='lat' dir='ltr'><strong><em>proximu</em></strong></span> <span class='ocrx_word' id='word_1_128' title='bbox 1019 1435 1172 1506; x_wconf 81' lang='lat' dir='ltr'><strong><em>sepelivisse,</em></strong></span> <span class='ocrx_word' id='word_1_129' title='bbox 1182 1455 1240 1511; x_wconf 81' lang='lat' dir='ltr'><strong><em>syuoe</em></strong></span> 
     </span>
     <span class='ocr_line' id='line_1_15' title="bbox 198 1511 1239 1588; baseline 0.007 -24"><span class='ocrx_word' id='word_1_130' title='bbox 198 1531 383 1588; x_wconf 77' lang='lat' dir='ltr'><strong><em>nuncquosyue</em></strong></span> <span class='ocrx_word' id='word_1_131' title='bbox 395 1517 484 1569; x_wconf 90' lang='lat' dir='ltr'><strong><em>eodem</em></strong></span> <span class='ocrx_word' id='word_1_132' title='bbox 501 1527 536 1570; x_wconf 89' lang='lat' dir='ltr'><strong><em>est</em></strong></span> <span class='ocrx_word' id='word_1_133' title='bbox 556 1515 676 1576; x_wconf 69' lang='lat' dir='ltr'><strong><em>nominef</em></strong></span> <span class='ocrx_word' id='word_1_134' title='bbox 697 1514 851 1566; x_wconf 87' lang='lat' dir='ltr'><strong><em>utscribunt</em></strong></span> <span class='ocrx_word' id='word_1_135' title='bbox 863 1511 1000 1568; x_wconf 86' lang='lat' dir='ltr'><strong><em>Vulcatius</em></strong></span> <span class='ocrx_word' id='word_1_136' title='bbox 1014 1525 1038 1565; x_wconf 89' lang='lat' dir='ltr'><strong><em>et</em></strong></span> <span class='ocrx_word' id='word_1_137' title='bbox 1055 1515 1159 1570; x_wconf 84' lang='lat' dir='ltr'><strong><em>Acilius</em></strong></span> <span class='ocrx_word' id='word_1_138' title='bbox 1169 1520 1239 1571; x_wconf 89' lang='lat' dir='ltr'><strong><em>Piso.</em></strong></span> 
     </span>
     <span class='ocr_line' id='line_1_16' title="bbox 197 1590 1241 1666; baseline 0.007 -24"><span class='ocrx_word' id='word_1_139' title='bbox 197 1590 250 1642; x_wconf 77' lang='lat' dir='ltr'><strong><em>ssd</em></strong></span> <span class='ocrx_word' id='word_1_140' title='bbox 261 1593 411 1662; x_wconf 83' lang='lat' dir='ltr'><strong><em>episodium</em></strong></span> <span class='ocrx_word' id='word_1_141' title='bbox 426 1593 478 1646; x_wconf 88' lang='lat' dir='ltr'><strong><em>hoc</em></strong></span> <span class='ocrx_word' id='word_1_142' title='bbox 491 1595 524 1646; x_wconf 91' lang='lat' dir='ltr'><strong><em>de</em></strong></span> <span class='ocrx_word' id='word_1_143' title='bbox 536 1593 650 1666; x_wconf 77' lang='lat' dir='ltr'><strong><em>Sibylla,</em></strong></span> <span class='ocrx_word' id='word_1_144' title='bbox 663 1605 692 1644; x_wconf 92' lang='lat' dir='ltr'><strong><em>ut</em></strong></span> <span class='ocrx_word' id='word_1_145' title='bbox 706 1591 826 1664; x_wconf 83' lang='lat' dir='ltr'><strong><em>reliqua,</em></strong></span> <span class='ocrx_word' id='word_1_146' title='bbox 846 1611 878 1644; x_wconf 87' lang='lat' dir='ltr'><strong><em>ex</em></strong></span> <span class='ocrx_word' id='word_1_147' title='bbox 895 1593 989 1663; x_wconf 80' lang='lat' dir='ltr'><strong><em>priscis</em></strong></span> <span class='ocrx_word' id='word_1_148' title='bbox 1010 1592 1107 1645; x_wconf 81' lang='lat' dir='ltr'><strong><em>fabulis</em></strong></span> <span class='ocrx_word' id='word_1_149' title='bbox 1126 1610 1241 1650; x_wconf 86' lang='lat' dir='ltr'><strong><em>sumtum</em></strong></span> 
     </span>
     <span class='ocr_line' id='line_1_17' title="bbox 197 1671 1242 1747; baseline 0.003 -23"><span class='ocrx_word' id='word_1_150' title='bbox 197 1689 270 1737; x_wconf 80' lang='lat' dir='ltr'><strong><em>esse,</em></strong></span> <span class='ocrx_word' id='word_1_151' title='bbox 284 1674 367 1728; x_wconf 82' lang='lat' dir='ltr'><strong><em>mttlto</em></strong></span> <span class='ocrx_word' id='word_1_152' title='bbox 380 1676 463 1747; x_wconf 74' lang='lat' dir='ltr'><strong><em>magis</em></strong></span> <span class='ocrx_word' id='word_1_153' title='bbox 476 1674 595 1728; x_wconf 79' lang='lat' dir='ltr'><strong><em>declarat</em></strong></span> <span class='ocrx_word' id='word_1_154' title='bbox 604 1675 722 1726; x_wconf 83' lang='lat' dir='ltr'><strong><em>narratio</em></strong></span> <span class='ocrx_word' id='word_1_155' title='bbox 733 1673 804 1745; x_wconf 83' lang='lat' dir='ltr'><strong><em>apud</em></strong></span> <span class='ocrx_word' id='word_1_156' title='bbox 817 1673 925 1745; x_wconf 88' lang='lat' dir='ltr'><strong><em>Dionys.</em></strong></span> <span class='ocrx_word' id='word_1_157' title='bbox 939 1675 964 1738; x_wconf 94' lang='grc' dir='ltr'><strong><em>Ι,</em></strong></span> <span class='ocrx_word' id='word_1_158' title='bbox 977 1671 1009 1724; x_wconf 80' lang='lat'><strong><em>55</em></strong></span> <span class='ocrx_word' id='word_1_159' title='bbox 1022 1673 1055 1725; x_wconf 87' lang='lat' dir='ltr'><strong><em>de</em></strong></span> <span class='ocrx_word' id='word_1_160' title='bbox 1067 1674 1165 1746; x_wconf 86' lang='lat' dir='ltr'><strong><em>Sibylla</em></strong></span> <span class='ocrx_word' id='word_1_161' title='bbox 1177 1677 1242 1747; x_wconf 82' lang='lat' dir='ltr'><strong><em>Ery·</em></strong></span> 
     </span>
     <span class='ocr_line' id='line_1_18' title="bbox 196 1749 1242 1825; baseline 0.006 -24"><span class='ocrx_word' id='word_1_162' title='bbox 196 1749 264 1802; x_wconf 86' lang='lat' dir='ltr'><strong><em>thris</em></strong></span> <span class='ocrx_word' id='word_1_163' title='bbox 278 1752 313 1805; x_wconf 82' lang='lat' dir='ltr'><strong><em>ab</em></strong></span> <span class='ocrx_word' id='word_1_164' title='bbox 326 1753 408 1806; x_wconf 81' lang='lat' dir='ltr'><strong><em>AEnea</em></strong></span> <span class='ocrx_word' id='word_1_165' title='bbox 420 1767 567 1821; x_wconf 86' lang='lat' dir='ltr'><strong><em>conventa,</em></strong></span> <span class='ocrx_word' id='word_1_166' title='bbox 579 1767 605 1807; x_wconf 87' lang='lat' dir='ltr'><strong><em>et</em></strong></span> <span class='ocrx_word' id='word_1_167' title='bbox 616 1753 721 1825; x_wconf 79' lang='lat' dir='ltr'><strong><em>Sibyllae</em></strong></span> <span class='ocrx_word' id='word_1_168' title='bbox 733 1755 888 1805; x_wconf 77' lang='lat' dir='ltr'><strong><em>vaticinium</em></strong></span> <span class='ocrx_word' id='word_1_169' title='bbox 900 1752 933 1804; x_wconf 90' lang='lat' dir='ltr'><strong><em>ad</em></strong></span> <span class='ocrx_word' id='word_1_170' title='bbox 946 1754 1055 1805; x_wconf 82' lang='lat' dir='ltr'><strong><em>AEnesm</em></strong></span> <span class='ocrx_word' id='word_1_171' title='bbox 1071 1773 1086 1806; x_wconf 86' lang='lat' dir='ltr'><strong><em>a</em></strong></span> <span class='ocrx_word' id='word_1_172' title='bbox 1098 1755 1179 1825; x_wconf 87' lang='lat' dir='ltr'><strong><em>Troy&#39;a</em></strong></span> <span class='ocrx_word' id='word_1_173' title='bbox 1188 1757 1242 1808; x_wconf 86' lang='lat' dir='ltr'><strong><em>sol·</em></strong></span> 
     </span>
     <span class='ocr_line' id='line_1_19' title="bbox 197 1834 1009 1906; baseline 0.005 -24"><span class='ocrx_word' id='word_1_174' title='bbox 197 1845 303 1884; x_wconf 82' lang='lat' dir='ltr'><strong><em>ventem</em></strong></span> <span class='ocrx_word' id='word_1_175' title='bbox 313 1834 387 1904; x_wconf 90' lang='lat' dir='ltr'><strong><em>apud</em></strong></span> <span class='ocrx_word' id='word_1_176' title='bbox 398 1835 497 1888; x_wconf 79' lang='lat' dir='ltr'><strong><em>tibull.</em></strong></span> <span class='ocrx_word' id='word_1_177' title='bbox 510 1837 549 1900; x_wconf 98' lang='grc' dir='ltr'><strong><em>ΙΙ,</em></strong></span> <span class='ocrx_word' id='word_1_178' title='bbox 563 1834 592 1900; x_wconf 87' lang='grc'><strong><em>5,</em></strong></span> <span class='ocrx_word' id='word_1_179' title='bbox 608 1853 646 1904; x_wconf 84' lang='grc'><strong><em>19.</em></strong></span> <span class='ocrx_word' id='word_1_180' title='bbox 660 1837 731 1888; x_wconf 80' lang='lat' dir='ltr'><strong><em>conl.</em></strong></span> <span class='ocrx_word' id='word_1_181' title='bbox 745 1835 861 1906; x_wconf 86' lang='lat' dir='ltr'><strong><em>Disquis.</em></strong></span> <span class='ocrx_word' id='word_1_182' title='bbox 875 1836 912 1898; x_wconf 94' lang='grc' dir='ltr'><strong><em>ΙΙ,</em></strong></span> <span class='ocrx_word' id='word_1_183' title='bbox 923 1853 943 1886; x_wconf 87' lang='lat' dir='ltr'><strong><em>s.</em></strong></span> <span class='ocrx_word' id='word_1_184' title='bbox 954 1835 1009 1886; x_wconf 90' lang='lat' dir='ltr'><strong><em>Vll.</em></strong></span> 
     </span>
    </p>

    <p class='ocr_par' dir='ltr' id='par_1_4' title="bbox 198 1915 1246 3183">
     <span class='ocr_line' id='line_1_20' title="bbox 234 1915 1241 1988; baseline 0.002 -22"><span class='ocrx_word' id='word_1_185' title='bbox 234 1915 315 1983; x_wconf 89' lang='lat' dir='ltr'><strong><em>Quod</em></strong></span> <span class='ocrx_word' id='word_1_186' title='bbox 327 1915 408 1968; x_wconf 88' lang='lat' dir='ltr'><strong><em>modo</em></strong></span> <span class='ocrx_word' id='word_1_187' title='bbox 423 1917 456 1969; x_wconf 85' lang='lat' dir='ltr'><strong><em>de</em></strong></span> <span class='ocrx_word' id='word_1_188' title='bbox 473 1916 606 1988; x_wconf 75' lang='lat' dir='ltr'><strong><em>Prochyta</em></strong></span> <span class='ocrx_word' id='word_1_189' title='bbox 624 1929 717 1969; x_wconf 88' lang='lat' dir='ltr'><strong><em>contra</em></strong></span> <span class='ocrx_word' id='word_1_190' title='bbox 731 1916 863 1968; x_wconf 85' lang='lat' dir='ltr'><strong><em>Misenum</em></strong></span> <span class='ocrx_word' id='word_1_191' title='bbox 880 1915 967 1967; x_wconf 85' lang='lat' dir='ltr'><strong><em>insula</em></strong></span> <span class='ocrx_word' id='word_1_192' title='bbox 979 1935 1010 1968; x_wconf 84' lang='lat' dir='ltr'><strong><em>ex</em></strong></span> <span class='ocrx_word' id='word_1_193' title='bbox 1019 1917 1126 1968; x_wconf 86' lang='lat' dir='ltr'><strong><em>Victore</em></strong></span> <span class='ocrx_word' id='word_1_194' title='bbox 1138 1935 1241 1970; x_wconf 84' lang='lat' dir='ltr'><strong><em>memo-</em></strong></span> 
     </span>
     <span class='ocr_line' id='line_1_21' title="bbox 198 1993 1241 2068; baseline 0.003 -22"><span class='ocrx_word' id='word_1_195' title='bbox 198 1997 331 2058; x_wconf 73' lang='lat' dir='ltr'><strong><em>ravimus,</em></strong></span> <span class='ocrx_word' id='word_1_196' title='bbox 350 1997 430 2047; x_wconf 80' lang='lat' dir='ltr'><strong><em>etiam</em></strong></span> <span class='ocrx_word' id='word_1_197' title='bbox 451 2015 467 2048; x_wconf 91' lang='lat' dir='ltr'><strong><em>a</em></strong></span> <span class='ocrx_word' id='word_1_198' title='bbox 487 1997 613 2068; x_wconf 88' lang='lat' dir='ltr'><strong><em>Dionysio</em></strong></span> <span class='ocrx_word' id='word_1_199' title='bbox 634 1996 719 2048; x_wconf 85' lang='lat' dir='ltr'><strong><em>Halia.</em></strong></span> <span class='ocrx_word' id='word_1_200' title='bbox 734 1997 760 2059; x_wconf 87' lang='grc' dir='ltr'><strong><em>Ι,</em></strong></span> <span class='ocrx_word' id='word_1_201' title='bbox 782 1996 815 2047; x_wconf 82' lang='grc'><strong><em>53</em></strong></span> <span class='ocrx_word' id='word_1_202' title='bbox 832 1995 859 2045; x_wconf 90' lang='lat' dir='ltr'><strong><em>ia</em></strong></span> <span class='ocrx_word' id='word_1_203' title='bbox 878 1993 994 2046; x_wconf 88' lang='lat' dir='ltr'><strong><em>medium</em></strong></span> <span class='ocrx_word' id='word_1_204' title='bbox 1006 1997 1139 2066; x_wconf 87' lang='lat' dir='ltr'><strong><em>prolatum</em></strong></span> <span class='ocrx_word' id='word_1_205' title='bbox 1157 1996 1241 2050; x_wconf 80' lang='lat' dir='ltr'><strong><em>est.A</em></strong></span> 
     </span>
     <span class='ocr_line' id='line_1_22' title="bbox 199 2072 1243 2147; baseline 0.002 -23"><span class='ocrx_word' id='word_1_206' title='bbox 199 2073 322 2138; x_wconf 87' lang='lat' dir='ltr'><strong><em>Miseno,</em></strong></span> <span class='ocrx_word' id='word_1_207' title='bbox 334 2076 437 2144; x_wconf 80' lang='lat' dir='ltr'><strong><em>inquit,</em></strong></span> <span class='ocrx_word' id='word_1_208' title='bbox 451 2074 560 2127; x_wconf 84' lang='lat' dir='ltr'><strong><em>ulterius</em></strong></span> <span class='ocrx_word' id='word_1_209' title='bbox 574 2078 722 2147; x_wconf 74' lang='lat' dir='ltr'><strong><em>nous&#39;qantes</em></strong></span> <span class='ocrx_word' id='word_1_210' title='bbox 735 2076 771 2125; x_wconf 85' lang='lat' dir='ltr'><strong><em>ad</em></strong></span> <span class='ocrx_word' id='word_1_211' title='bbox 788 2072 901 2126; x_wconf 87' lang='lat' dir='ltr'><strong><em>insulam</em></strong></span> <span class='ocrx_word' id='word_1_212' title='bbox 914 2073 1072 2146; x_wconf 74' lang='lat' dir='ltr'><strong><em>Prochytam</em></strong></span> <span class='ocrx_word' id='word_1_213' title='bbox 1088 2086 1115 2125; x_wconf 89' lang='lat' dir='ltr'><strong><em>et</em></strong></span> <span class='ocrx_word' id='word_1_214' title='bbox 1130 2079 1167 2125; x_wconf 82' lang='lat' dir='ltr'><strong><em>ad</em></strong></span> <span class='ocrx_word' id='word_1_215' title='bbox 1177 2095 1243 2143; x_wconf 85' lang='lat' dir='ltr'><strong><em>pro-</em></strong></span> 
     </span>
     <span class='ocr_line' id='line_1_23' title="bbox 200 2153 1242 2226; baseline 0 -20"><span class='ocrx_word' id='word_1_216' title='bbox 200 2155 360 2207; x_wconf 79' lang='lat' dir='ltr'><strong><em>montorium</em></strong></span> <span class='ocrx_word' id='word_1_217' title='bbox 371 2153 460 2223; x_wconf 86' lang='lat' dir='ltr'><strong><em>(recte</em></strong></span> <span class='ocrx_word' id='word_1_218' title='bbox 477 2157 546 2207; x_wconf 88' lang='lat' dir='ltr'><strong><em>enim</em></strong></span> <span class='ocrx_word' id='word_1_219' title='bbox 559 2155 700 2207; x_wconf 88' lang='lat' dir='ltr'><strong><em>emendata</em></strong></span> <span class='ocrx_word' id='word_1_220' title='bbox 718 2168 779 2206; x_wconf 91' lang='lat' dir='ltr'><strong><em>sunt</em></strong></span> <span class='ocrx_word' id='word_1_221' title='bbox 800 2157 893 2206; x_wconf 79' lang='lat' dir='ltr'><strong><em>Graeca</em></strong></span> <span class='ocrx_word' id='word_1_222' title='bbox 906 2172 922 2204; x_wconf 86' lang='lat' dir='ltr'><strong><em>a</em></strong></span> <span class='ocrx_word' id='word_1_223' title='bbox 933 2153 1111 2226; x_wconf 86' lang='lat' dir='ltr'><strong><em>Gasaubono)</em></strong></span> <span class='ocrx_word' id='word_1_224' title='bbox 1122 2155 1242 2206; x_wconf 81' lang='lat' dir='ltr'><strong><em>Caietam</em></strong></span> 
     </span>
     <span class='ocr_line' id='line_1_24' title="bbox 198 2231 1242 2306; baseline -0.004 -20"><span class='ocrx_word' id='word_1_225' title='bbox 198 2231 371 2304; x_wconf 79' lang='lat' dir='ltr'><strong><em>appulerunt,</em></strong></span> <span class='ocrx_word' id='word_1_226' title='bbox 381 2233 464 2306; x_wconf 77' lang='lat' dir='ltr'><strong><em>iisque</em></strong></span> <span class='ocrx_word' id='word_1_227' title='bbox 471 2233 533 2286; x_wconf 85' lang='lat' dir='ltr'><strong><em>locis</em></strong></span> <span class='ocrx_word' id='word_1_228' title='bbox 541 2232 623 2286; x_wconf 82' lang='lat' dir='ltr'><strong><em>simili</em></strong></span> <span class='ocrx_word' id='word_1_229' title='bbox 630 2235 705 2285; x_wconf 92' lang='lat' dir='ltr'><strong><em>modo</em></strong></span> <span class='ocrx_word' id='word_1_230' title='bbox 713 2232 926 2305; x_wconf 86' lang='lat' dir='ltr'><strong><em>acsuperioribus</em></strong></span> <span class='ocrx_word' id='word_1_231' title='bbox 934 2231 1041 2283; x_wconf 88' lang='lat' dir='ltr'><strong><em>nomina</em></strong></span> <span class='ocrx_word' id='word_1_232' title='bbox 1051 2233 1242 2302; x_wconf 83' lang='lat' dir='ltr'><strong><em>imposuerunt,</em></strong></span> 
     </span>
     <span class='ocr_line' id='line_1_25' title="bbox 201 2310 1243 2385; baseline -0.002 -21"><span class='ocrx_word' id='word_1_233' title='bbox 201 2313 273 2384; x_wconf 80' lang='lat' dir='ltr'><strong><em>quod</em></strong></span> <span class='ocrx_word' id='word_1_234' title='bbox 288 2311 429 2366; x_wconf 83' lang='lat' dir='ltr'><strong><em>mulierum</em></strong></span> <span class='ocrx_word' id='word_1_235' title='bbox 442 2315 627 2385; x_wconf 82' lang='lat' dir='ltr'><strong><em>defunctarum</em></strong></span> <span class='ocrx_word' id='word_1_236' title='bbox 639 2315 735 2366; x_wconf 84' lang='lat' dir='ltr'><strong><em>seruari</em></strong></span> <span class='ocrx_word' id='word_1_237' title='bbox 750 2331 800 2384; x_wconf 82' lang='lat' dir='ltr'><strong><em>per</em></strong></span> <span class='ocrx_word' id='word_1_238' title='bbox 812 2331 842 2363; x_wconf 88' lang='lat' dir='ltr'><strong><em>ea</em></strong></span> <span class='ocrx_word' id='word_1_239' title='bbox 859 2310 956 2366; x_wconf 85' lang='lat' dir='ltr'><strong><em>vellent</em></strong></span> <span class='ocrx_word' id='word_1_240' title='bbox 967 2313 1126 2364; x_wconf 85' lang='lat' dir='ltr'><strong><em>memoriam.</em></strong></span> <span class='ocrx_word' id='word_1_241' title='bbox 1138 2313 1243 2363; x_wconf 85' lang='lat' dir='ltr'><strong><em>Harum</em></strong></span> 
     </span>
     <span class='ocr_line' id='line_1_26' title="bbox 203 2391 1244 2468; baseline -0.001 -24"><span class='ocrx_word' id='word_1_242' title='bbox 203 2411 262 2444; x_wconf 79' lang='lat' dir='ltr'><strong><em>uero</em></strong></span> <span class='ocrx_word' id='word_1_243' title='bbox 274 2391 384 2447; x_wconf 82' lang='lat' dir='ltr'><strong><em>alteram</em></strong></span> <span class='ocrx_word' id='word_1_244' title='bbox 397 2397 487 2447; x_wconf 82' lang='lat' dir='ltr'><strong><em>AEueoe</em></strong></span> <span class='ocrx_word' id='word_1_245' title='bbox 498 2405 635 2468; x_wconf 77' lang='lat' dir='ltr'><strong><em>coynotam</em></strong></span> <span class='ocrx_word' id='word_1_246' title='bbox 643 2395 727 2466; x_wconf 84' lang='lat' dir='ltr'><strong><em>fuisse</em></strong></span> <span class='ocrx_word' id='word_1_247' title='bbox 733 2394 846 2464; x_wconf 82' lang='lat' dir='ltr'><strong><em>ferunt,</em></strong></span> <span class='ocrx_word' id='word_1_248' title='bbox 859 2391 969 2444; x_wconf 86' lang='lat' dir='ltr'><strong><em>alteram</em></strong></span> <span class='ocrx_word' id='word_1_249' title='bbox 982 2393 1119 2446; x_wconf 87' lang='lat' dir='ltr'><strong><em>nutricem.</em></strong></span> <span class='ocrx_word' id='word_1_250' title='bbox 1134 2393 1167 2443; x_wconf 88' lang='lat' dir='ltr'><strong><em>Et</em></strong></span> <span class='ocrx_word' id='word_1_251' title='bbox 1177 2394 1244 2444; x_wconf 90' lang='lat' dir='ltr'><strong><em>Pro·</em></strong></span> 
     </span>
     <span class='ocr_line' id='line_1_27' title="bbox 202 2470 1243 2546; baseline 0 -22"><span class='ocrx_word' id='word_1_252' title='bbox 202 2470 308 2544; x_wconf 82' lang='lat' dir='ltr'><strong><em>chytam</em></strong></span> <span class='ocrx_word' id='word_1_253' title='bbox 328 2473 360 2526; x_wconf 84' lang='lat' dir='ltr'><strong><em>de</em></strong></span> <span class='ocrx_word' id='word_1_254' title='bbox 376 2485 488 2546; x_wconf 77' lang='lat' dir='ltr'><strong><em>coyaata</em></strong></span> <span class='ocrx_word' id='word_1_255' title='bbox 507 2477 599 2526; x_wconf 82' lang='lat' dir='ltr'><strong><em>AEneoe</em></strong></span> <span class='ocrx_word' id='word_1_256' title='bbox 620 2491 715 2526; x_wconf 86' lang='lat' dir='ltr'><strong><em>nomen</em></strong></span> <span class='ocrx_word' id='word_1_257' title='bbox 739 2475 864 2544; x_wconf 84' lang='lat' dir='ltr'><strong><em>accepisse</em></strong></span> <span class='ocrx_word' id='word_1_258' title='bbox 886 2475 965 2526; x_wconf 87' lang='lat' dir='ltr'><strong><em>etium</em></strong></span> <span class='ocrx_word' id='word_1_259' title='bbox 983 2473 1091 2525; x_wconf 79' lang='lat' dir='ltr'><strong><em>Neuius</em></strong></span> <span class='ocrx_word' id='word_1_260' title='bbox 1111 2473 1138 2522; x_wconf 90' lang='lat' dir='ltr'><strong><em>in</em></strong></span> <span class='ocrx_word' id='word_1_261' title='bbox 1155 2471 1243 2543; x_wconf 85' lang='lat' dir='ltr'><strong><em>primo</em></strong></span> 
     </span>
     <span class='ocr_line' id='line_1_28' title="bbox 202 2547 1243 2624; baseline 0.002 -24"><span class='ocrx_word' id='word_1_262' title='bbox 202 2547 267 2602; x_wconf 91' lang='lat' dir='ltr'><strong><em>belli</em></strong></span> <span class='ocrx_word' id='word_1_263' title='bbox 280 2550 379 2602; x_wconf 87' lang='lat' dir='ltr'><strong><em>Punici</em></strong></span> <span class='ocrx_word' id='word_1_264' title='bbox 390 2552 508 2605; x_wconf 80' lang='lat' dir='ltr'><strong><em>dixerat.-</em></strong></span> <span class='ocrx_word' id='word_1_265' title='bbox 523 2553 595 2605; x_wconf 85' lang='lat' dir='ltr'><strong><em>Serv.</em></strong></span> <span class='ocrx_word' id='word_1_266' title='bbox 614 2551 649 2604; x_wconf 83' lang='lat' dir='ltr'><strong><em>ad</em></strong></span> <span class='ocrx_word' id='word_1_267' title='bbox 670 2553 721 2616; x_wconf 90' lang='grc' dir='ltr'>ΙΙΙ,</span> <span class='ocrx_word' id='word_1_268' title='bbox 735 2553 795 2622; x_wconf 86' lang='lat'><em>¹7¹⁵·</em></span> <span class='ocrx_word' id='word_1_269' title='bbox 815 2552 838 2602; x_wconf 82' lang='lat' dir='ltr'><strong><em>h</em></strong></span> <span class='ocrx_word' id='word_1_270' title='bbox 856 2550 941 2604; x_wconf 89' lang='lat' dir='ltr'><strong><em>Plinio</em></strong></span> <span class='ocrx_word' id='word_1_271' title='bbox 962 2551 1119 2624; x_wconf 73' lang='lat' dir='ltr'><strong><em>Prochytam</em></strong></span> <span class='ocrx_word' id='word_1_272' title='bbox 1137 2569 1189 2602; x_wconf 92' lang='lat' dir='ltr'><strong><em>non</em></strong></span> <span class='ocrx_word' id='word_1_273' title='bbox 1209 2551 1243 2602; x_wconf 88' lang='lat' dir='ltr'><strong><em>ab</em></strong></span> 
     </span>
     <span class='ocr_line' id='line_1_29' title="bbox 202 2629 1244 2706; baseline -0.001 -24"><span class='ocrx_word' id='word_1_274' title='bbox 202 2629 295 2682; x_wconf 76' lang='lat' dir='ltr'><strong><em>AEneoe</em></strong></span> <span class='ocrx_word' id='word_1_275' title='bbox 306 2631 424 2698; x_wconf 88' lang='lat' dir='ltr'><strong><em>nutrice,</em></strong></span> <span class='ocrx_word' id='word_1_276' title='bbox 440 2633 484 2684; x_wconf 86' lang='lat' dir='ltr'><strong><em>sed</em></strong></span> <span class='ocrx_word' id='word_1_277' title='bbox 498 2633 562 2706; x_wconf 82' lang='lat' dir='ltr'><strong><em>quia</em></strong></span> <span class='ocrx_word' id='word_1_278' title='bbox 576 2632 685 2704; x_wconf 76' lang='lat' dir='ltr'><strong><em>profusa</em></strong></span> <span class='ocrx_word' id='word_1_279' title='bbox 702 2633 735 2684; x_wconf 86' lang='lat' dir='ltr'><strong><em>nb</em></strong></span> <span class='ocrx_word' id='word_1_280' title='bbox 748 2633 861 2684; x_wconf 83' lang='lat' dir='ltr'><strong><em>AEnariu</em></strong></span> <span class='ocrx_word' id='word_1_281' title='bbox 875 2642 947 2696; x_wconf 80' lang='lat' dir='ltr'><strong><em>erat,</em></strong></span> <span class='ocrx_word' id='word_1_282' title='bbox 960 2631 1059 2683; x_wconf 88' lang='lat' dir='ltr'><strong><em>dictam</em></strong></span> <span class='ocrx_word' id='word_1_283' title='bbox 1078 2630 1124 2682; x_wconf 90' lang='lat' dir='ltr'><strong><em>lib.</em></strong></span> <span class='ocrx_word' id='word_1_284' title='bbox 1141 2631 1191 2692; x_wconf 94' lang='grc' dir='ltr'>ΙΙΙ,</span> <span class='ocrx_word' id='word_1_285' title='bbox 1212 2629 1244 2681; x_wconf 82' lang='lat'><strong><em>13</em></strong></span> 
     </span>
     <span class='ocr_line' id='line_1_30' title="bbox 203 2707 1246 2783; baseline -0.002 -23"><span class='ocrx_word' id='word_1_286' title='bbox 203 2722 275 2762; x_wconf 86' lang='lat' dir='ltr'><strong><em>recte</em></strong></span> <span class='ocrx_word' id='word_1_287' title='bbox 293 2713 396 2764; x_wconf 86' lang='lat' dir='ltr'><strong><em>moneri</em></strong></span> <span class='ocrx_word' id='word_1_288' title='bbox 414 2725 547 2782; x_wconf 80' lang='lat' dir='ltr'><strong><em>putamus.</em></strong></span> <span class='ocrx_word' id='word_1_289' title='bbox 561 2711 638 2764; x_wconf 79' lang='lat' dir='ltr'><strong><em>Adde</em></strong></span> <span class='ocrx_word' id='word_1_290' title='bbox 649 2711 734 2765; x_wconf 86' lang='lat' dir='ltr'><strong><em>Strab.</em></strong></span> <span class='ocrx_word' id='word_1_291' title='bbox 748 2715 775 2776; x_wconf 87' lang='grc' dir='ltr'><strong><em>Ι,</em></strong></span> <span class='ocrx_word' id='word_1_292' title='bbox 787 2730 814 2783; x_wconf 91' lang='lat' dir='ltr'><strong><em>p.</em></strong></span> <span class='ocrx_word' id='word_1_293' title='bbox 828 2713 862 2765; x_wconf 81' lang='lat' dir='ltr'><strong><em>bo</em></strong></span> <span class='ocrx_word' id='word_1_294' title='bbox 872 2711 903 2761; x_wconf 84' lang='grc' dir='ltr'><strong><em>Δ.</em></strong></span> <span class='ocrx_word' id='word_1_295' title='bbox 917 2709 1008 2764; x_wconf 82' lang='lat' dir='ltr'><strong><em>etalio</em></strong></span> <span class='ocrx_word' id='word_1_296' title='bbox 1025 2710 1086 2762; x_wconf 89' lang='lat' dir='ltr'><strong><em>loca</em></strong></span> <span class='ocrx_word' id='word_1_297' title='bbox 1098 2707 1170 2780; x_wconf 82' lang='lat' dir='ltr'><strong><em>opud</em></strong></span> <span class='ocrx_word' id='word_1_298' title='bbox 1182 2707 1246 2762; x_wconf 82' lang='lat' dir='ltr'><strong><em>ctu-</em></strong></span> 
     </span>
     <span class='ocr_line' id='line_1_31' title="bbox 202 2789 1245 2863; baseline -0.001 -24"><span class='ocrx_word' id='word_1_299' title='bbox 202 2807 258 2842; x_wconf 83' lang='lat' dir='ltr'><strong><em>ver.</em></strong></span> <span class='ocrx_word' id='word_1_300' title='bbox 270 2791 328 2842; x_wconf 78' lang='lat' dir='ltr'><strong><em>tint.</em></strong></span> <span class='ocrx_word' id='word_1_301' title='bbox 343 2805 398 2844; x_wconf 83' lang='lat' dir='ltr'><strong><em>ant.</em></strong></span> <span class='ocrx_word' id='word_1_302' title='bbox 410 2794 462 2858; x_wconf 81' lang='grc' dir='ltr'>ΙΙΙ,</span> <span class='ocrx_word' id='word_1_303' title='bbox 476 2795 508 2860; x_wconf 70' lang='lat' dir='ltr'><strong><em>l,</em></strong></span> <span class='ocrx_word' id='word_1_304' title='bbox 521 2792 621 2846; x_wconf 86' lang='lat' dir='ltr'><strong><em>sedhic</em></strong></span> <span class='ocrx_word' id='word_1_305' title='bbox 635 2806 737 2846; x_wconf 87' lang='lat' dir='ltr'><strong><em>tantum</em></strong></span> <span class='ocrx_word' id='word_1_306' title='bbox 747 2793 780 2846; x_wconf 89' lang='lat' dir='ltr'><strong><em>de</em></strong></span> <span class='ocrx_word' id='word_1_307' title='bbox 792 2795 865 2844; x_wconf 67' lang='lat' dir='ltr'><strong><em>fasma</em></strong></span> <span class='ocrx_word' id='word_1_308' title='bbox 877 2794 1032 2863; x_wconf 73' lang='lat' dir='ltr'><strong><em>querimus,</em></strong></span> <span class='ocrx_word' id='word_1_309' title='bbox 1044 2809 1103 2862; x_wconf 77' lang='lat' dir='ltr'><strong><em>que</em></strong></span> <span class='ocrx_word' id='word_1_310' title='bbox 1112 2789 1145 2841; x_wconf 90' lang='lat' dir='ltr'><strong><em>de</em></strong></span> <span class='ocrx_word' id='word_1_311' title='bbox 1157 2789 1245 2840; x_wconf 81' lang='lat' dir='ltr'><strong><em>AEnese</em></strong></span> 
     </span>
     <span class='ocr_line' id='line_1_32' title="bbox 203 2867 1245 2942; baseline -0.003 -22"><span class='ocrx_word' id='word_1_312' title='bbox 203 2871 339 2924; x_wconf 81' lang='lat' dir='ltr'><strong><em>erroribus</em></strong></span> <span class='ocrx_word' id='word_1_313' title='bbox 351 2873 379 2924; x_wconf 89' lang='lat' dir='ltr'><strong><em>in</em></strong></span> <span class='ocrx_word' id='word_1_314' title='bbox 390 2871 430 2924; x_wconf 90' lang='lat' dir='ltr'><strong><em>his</em></strong></span> <span class='ocrx_word' id='word_1_315' title='bbox 443 2873 508 2925; x_wconf 86' lang='lat' dir='ltr'><strong><em>locis</em></strong></span> <span class='ocrx_word' id='word_1_316' title='bbox 523 2875 620 2938; x_wconf 82' lang='lat' dir='ltr'><strong><em>fuerit3</em></strong></span> <span class='ocrx_word' id='word_1_317' title='bbox 632 2875 743 2926; x_wconf 86' lang='lat' dir='ltr'><strong><em>materia</em></strong></span> <span class='ocrx_word' id='word_1_318' title='bbox 760 2885 813 2924; x_wconf 89' lang='lat' dir='ltr'><strong><em>tam</em></strong></span> <span class='ocrx_word' id='word_1_319' title='bbox 832 2873 958 2942; x_wconf 82' lang='lat' dir='ltr'><strong><em>copiosa,</em></strong></span> <span class='ocrx_word' id='word_1_320' title='bbox 977 2883 1007 2922; x_wconf 87' lang='lat' dir='ltr'><strong><em>ut</em></strong></span> <span class='ocrx_word' id='word_1_321' title='bbox 1024 2872 1104 2922; x_wconf 89' lang='lat' dir='ltr'><strong><em>etiam</em></strong></span> <span class='ocrx_word' id='word_1_322' title='bbox 1123 2867 1245 2918; x_wconf 83' lang='lat' dir='ltr'><strong><em>omittere</em></strong></span> 
     </span>
     <span class='ocr_line' id='line_1_33' title="bbox 202 2944 1244 3022; baseline -0.004 -24"><span class='ocrx_word' id='word_1_323' title='bbox 202 2949 333 3002; x_wconf 87' lang='lat' dir='ltr'><strong><em>nonnulla</em></strong></span> <span class='ocrx_word' id='word_1_324' title='bbox 346 2965 431 3022; x_wconf 79' lang='lat' dir='ltr'><strong><em>poeta</em></strong></span> <span class='ocrx_word' id='word_1_325' title='bbox 447 2971 554 3006; x_wconf 84' lang='lat' dir='ltr'><strong><em>necesse</em></strong></span> <span class='ocrx_word' id='word_1_326' title='bbox 578 2954 673 3018; x_wconf 81' lang='lat' dir='ltr'><strong><em>fuerit,</em></strong></span> <span class='ocrx_word' id='word_1_327' title='bbox 696 2953 735 3004; x_wconf 90' lang='lat' dir='ltr'><strong><em>uti</em></strong></span> <span class='ocrx_word' id='word_1_328' title='bbox 751 2952 803 3003; x_wconf 91' lang='lat' dir='ltr'><strong><em>hoc</em></strong></span> <span class='ocrx_word' id='word_1_329' title='bbox 822 2951 853 3002; x_wconf 98' lang='lat' dir='ltr'><strong><em>de</em></strong></span> <span class='ocrx_word' id='word_1_330' title='bbox 876 2948 1028 3019; x_wconf 80' lang='lat' dir='ltr'><strong><em>Prochyta,·</em></strong></span> <span class='ocrx_word' id='word_1_331' title='bbox 1046 2964 1108 2998; x_wconf 83' lang='lat' dir='ltr'><strong><em>nam</em></strong></span> <span class='ocrx_word' id='word_1_332' title='bbox 1132 2944 1244 2997; x_wconf 88' lang='lat' dir='ltr'><strong><em>alterum</em></strong></span> 
     </span>
     <span class='ocr_line' id='line_1_34' title="bbox 205 3024 1245 3102; baseline -0.002 -24"><span class='ocrx_word' id='word_1_333' title='bbox 205 3025 240 3078; x_wconf 89' lang='lat' dir='ltr'><strong><em>de</em></strong></span> <span class='ocrx_word' id='word_1_334' title='bbox 266 3028 353 3080; x_wconf 77' lang='lat' dir='ltr'><strong><em>Caieta</em></strong></span> <span class='ocrx_word' id='word_1_335' title='bbox 374 3029 424 3080; x_wconf 89' lang='lat' dir='ltr'><strong><em>sab</em></strong></span> <span class='ocrx_word' id='word_1_336' title='bbox 445 3031 464 3081; x_wconf 87' lang='lat' dir='ltr'><strong><em>f.</em></strong></span> <span class='ocrx_word' id='word_1_337' title='bbox 487 3031 532 3082; x_wconf 88' lang='lat' dir='ltr'><strong><em>lib.</em></strong></span> <span class='ocrx_word' id='word_1_338' title='bbox 555 3033 591 3082; x_wconf 87' lang='lat' dir='ltr'><strong><em>Vl</em></strong></span> <span class='ocrx_word' id='word_1_339' title='bbox 611 3044 637 3082; x_wconf 84' lang='lat' dir='ltr'><strong><em>et</em></strong></span> <span class='ocrx_word' id='word_1_340' title='bbox 657 3051 697 3102; x_wconf 88' lang='lat' dir='ltr'><strong><em>pr.</em></strong></span> <span class='ocrx_word' id='word_1_341' title='bbox 722 3032 769 3081; x_wconf 85' lang='lat' dir='ltr'><strong><em>Vll</em></strong></span> <span class='ocrx_word' id='word_1_342' title='bbox 787 3031 914 3083; x_wconf 86' lang='lat' dir='ltr'><strong><em>meminit.</em></strong></span> <span class='ocrx_word' id='word_1_343' title='bbox 935 3030 975 3080; x_wconf 86' lang='lat' dir='ltr'><strong><em>De</em></strong></span> <span class='ocrx_word' id='word_1_344' title='bbox 999 3045 1053 3098; x_wconf 86' lang='lat' dir='ltr'><strong><em>qun</em></strong></span> <span class='ocrx_word' id='word_1_345' title='bbox 1069 3043 1127 3096; x_wconf 81' lang='lat' dir='ltr'><strong><em>que</em></strong></span> <span class='ocrx_word' id='word_1_346' title='bbox 1145 3024 1216 3074; x_wconf 81' lang='lat' dir='ltr'><strong><em>varie</em></strong></span> <span class='ocrx_word' id='word_1_347' title='bbox 1229 3041 1245 3074; x_wconf 81' lang='lat' dir='ltr'><strong><em>a</em></strong></span> 
     </span>
     <span class='ocr_line' id='line_1_35' title="bbox 206 3103 1245 3183; baseline -0.008 -23"><span class='ocrx_word' id='word_1_348' title='bbox 206 3107 341 3160; x_wconf 81' lang='lat' dir='ltr'><strong><em>veteribus</em></strong></span> <span class='ocrx_word' id='word_1_349' title='bbox 362 3109 565 3179; x_wconf 66' lang='lat' dir='ltr'><strong><em>traditurum,</em></strong></span> <span class='ocrx_word' id='word_1_350' title='bbox 582 3111 723 3183; x_wconf 70' lang='lat' dir='ltr'><strong><em>diligenter</em></strong></span> <span class='ocrx_word' id='word_1_351' title='bbox 737 3123 864 3182; x_wconf 71' lang='lat' dir='ltr'><strong><em>congestu</em></strong></span> <span class='ocrx_word' id='word_1_352' title='bbox 876 3109 954 3162; x_wconf 76' lang='lat' dir='ltr'><strong><em>video</em></strong></span> <span class='ocrx_word' id='word_1_353' title='bbox 972 3127 989 3161; x_wconf 81' lang='lat' dir='ltr'><strong><em>o</em></strong></span> <span class='ocrx_word' id='word_1_354' title='bbox 1004 3108 1110 3162; x_wconf 85' lang='lat' dir='ltr'><strong><em>Cluver.</em></strong></span> <span class='ocrx_word' id='word_1_355' title='bbox 1128 3103 1180 3169; x_wconf 90' lang='grc' dir='ltr'>ΙΙΙ,</span> <span class='ocrx_word' id='word_1_356' title='bbox 1195 3118 1245 3164; x_wconf 83' lang='grc' dir='ltr'><strong><em>ιο,</em></strong></span> 
     </span>
    </p>
   </div>
   <div class='ocr_carea' id='block_1_4' title="bbox 205 3185 327 3255">
    <p class='ocr_par' dir='ltr' id='par_1_5' title="bbox 205 3185 327 3255">
     <span class='ocr_line' id='line_1_36' title="bbox 205 3185 327 3255; baseline 0 -17"><span class='ocrx_word' id='word_1_357' title='bbox 205 3204 234 3255; x_wconf 87' lang='lat' dir='ltr'><strong><em>p.</em></strong></span> <span class='ocrx_word' id='word_1_358' title='bbox 253 3185 327 3240; x_wconf 82' lang='lat'><strong>1065.</strong></span> 
     </span>
    </p>
   </div>
   <div class='ocr_carea' id='block_1_5' title="bbox 502 3394 954 3486">
    <p class='ocr_par' dir='ltr' id='par_1_6' title="bbox 502 3394 954 3486">
     <span class='ocr_line' id='line_1_37' title="bbox 502 3394 954 3486; baseline -0.004 -3"><span class='ocrx_word' id='word_1_359' title='bbox 502 3394 865 3486; x_wconf 85' lang='lat' dir='ltr'>EXCURSUS</span> <span class='ocrx_word' id='word_1_360' title='bbox 899 3395 954 3482; x_wconf 88' lang='lat' dir='ltr'><strong><em>V.</em></strong></span> 
     </span>
    </p>
   </div>
   <div class='ocr_carea' id='block_1_6' title="bbox 459 3583 989 3678">
    <p class='ocr_par' dir='ltr' id='par_1_7' title="bbox 459 3583 989 3678">
     <span class='ocr_line' id='line_1_38' title="bbox 459 3583 989 3678; baseline -0.011 -24"><span class='ocrx_word' id='word_1_361' title='bbox 459 3588 629 3677; x_wconf 85' lang='lat' dir='ltr'><strong><em>Deiphobe</em></strong></span> <span class='ocrx_word' id='word_1_362' title='bbox 642 3585 772 3678; x_wconf 80' lang='lat' dir='ltr'><strong><em>Sibylla</em></strong></span> <span class='ocrx_word' id='word_1_363' title='bbox 786 3605 820 3654; x_wconf 86' lang='lat' dir='ltr'><strong><em>et</em></strong></span> <span class='ocrx_word' id='word_1_364' title='bbox 831 3583 989 3653; x_wconf 84' lang='lat' dir='ltr'><strong><em>sacerdos.</em></strong></span> 
     </span>
    </p>
   </div>
   <div class='ocr_carea' id='block_1_7' title="bbox 207 3739 1248 4058">
    <p class='ocr_par' dir='ltr' id='par_1_8' title="bbox 207 3739 1248 4058">
     <span class='ocr_line' id='line_1_39' title="bbox 243 3739 1246 3823; baseline -0.006 -22"><span class='ocrx_word' id='word_1_365' title='bbox 243 3752 292 3814; x_wconf 81' lang='lat' dir='ltr'><strong><em>Vl,</em></strong></span> <span class='ocrx_word' id='word_1_366' title='bbox 305 3745 338 3802; x_wconf 82' lang='lat'><strong><em>35</em></strong></span> <span class='ocrx_word' id='word_1_367' title='bbox 346 3785 353 3814; x_wconf 83' lang='lat'>,</span> <span class='ocrx_word' id='word_1_368' title='bbox 366 3747 409 3802; x_wconf 82' lang='grc'><strong><em>36.</em></strong></span> <span class='ocrx_word' id='word_1_369' title='bbox 423 3748 515 3801; x_wconf 81' lang='lat' dir='ltr'><strong><em>Phoebi</em></strong></span> <span class='ocrx_word' id='word_1_370' title='bbox 528 3751 674 3823; x_wconf 80' lang='lat' dir='ltr'><strong><em>Triuiasyue</em></strong></span> <span class='ocrx_word' id='word_1_371' title='bbox 684 3749 800 3802; x_wconf 80' lang='lat' dir='ltr'><strong><em>sacerdos</em></strong></span> <span class='ocrx_word' id='word_1_372' title='bbox 810 3745 945 3818; x_wconf 86' lang='lat' dir='ltr'><strong><em>Deiphobe</em></strong></span> <span class='ocrx_word' id='word_1_373' title='bbox 959 3740 1063 3796; x_wconf 80' lang='lat' dir='ltr'><strong><em>Glauci.</em></strong></span> <span class='ocrx_word' id='word_1_374' title='bbox 1074 3739 1198 3814; x_wconf 79' lang='lat' dir='ltr'><strong><em>Sibyllam</em></strong></span> <span class='ocrx_word' id='word_1_375' title='bbox 1212 3741 1246 3795; x_wconf 83' lang='lat' dir='ltr'><strong><em>ab</em></strong></span> 
     </span>
     <span class='ocr_line' id='line_1_40' title="bbox 207 3822 1246 3887; baseline -0.009 -4"><span class='ocrx_word' id='word_1_376' title='bbox 207 3830 260 3884; x_wconf 85' lang='lat' dir='ltr'><strong><em>hac</em></strong></span> <span class='ocrx_word' id='word_1_377' title='bbox 285 3829 423 3882; x_wconf 86' lang='lat' dir='ltr'><strong><em>sacerdote</em></strong></span> <span class='ocrx_word' id='word_1_378' title='bbox 447 3828 576 3883; x_wconf 76' lang='lat' dir='ltr'><strong><em>disemum</em></strong></span> <span class='ocrx_word' id='word_1_379' title='bbox 599 3849 656 3883; x_wconf 76' lang='lat' dir='ltr'><strong><em>esse</em></strong></span> <span class='ocrx_word' id='word_1_380' title='bbox 679 3829 851 3887; x_wconf 85' lang='lat' dir='ltr'><strong><em>habendam,</em></strong></span> <span class='ocrx_word' id='word_1_381' title='bbox 871 3837 979 3877; x_wconf 87' lang='lat' dir='ltr'><strong><em>monent</em></strong></span> <span class='ocrx_word' id='word_1_382' title='bbox 998 3822 1198 3876; x_wconf 81' lang='lat' dir='ltr'><strong><em>Holdsworthas</em></strong></span> <span class='ocrx_word' id='word_1_383' title='bbox 1219 3837 1246 3876; x_wconf 87' lang='lat' dir='ltr'><strong><em>ct</em></strong></span> 
     </span>
     <span class='ocr_line' id='line_1_41' title="bbox 209 3901 1248 3981; baseline -0.008 -20"><span class='ocrx_word' id='word_1_384' title='bbox 209 3909 352 3980; x_wconf 79' lang='lat' dir='ltr'><strong><em>Spencias3</em></strong></span> <span class='ocrx_word' id='word_1_385' title='bbox 363 3929 425 3961; x_wconf 88' lang='lat' dir='ltr'><strong><em>nam</em></strong></span> <span class='ocrx_word' id='word_1_386' title='bbox 437 3927 521 3981; x_wconf 86' lang='lat' dir='ltr'><strong><em>usque</em></strong></span> <span class='ocrx_word' id='word_1_387' title='bbox 533 3910 568 3962; x_wconf 92' lang='lat' dir='ltr'><strong><em>ad</em></strong></span> <span class='ocrx_word' id='word_1_388' title='bbox 579 3929 603 3960; x_wconf 85' lang='lat' dir='ltr'><strong><em>v.</em></strong></span> <span class='ocrx_word' id='word_1_389' title='bbox 618 3909 650 3962; x_wconf 83' lang='lat'><strong><em>55</em></strong></span> <span class='ocrx_word' id='word_1_390' title='bbox 663 3909 696 3962; x_wconf 91' lang='lat' dir='ltr'><strong><em>de</em></strong></span> <span class='ocrx_word' id='word_1_391' title='bbox 713 3907 852 3980; x_wconf 87' lang='lat' dir='ltr'><strong><em>Deiphobe</em></strong></span> <span class='ocrx_word' id='word_1_392' title='bbox 865 3903 1002 3958; x_wconf 83' lang='lat' dir='ltr'><strong><em>sacerdote</em></strong></span> <span class='ocrx_word' id='word_1_393' title='bbox 1021 3903 1077 3974; x_wconf 72' lang='lat' dir='ltr'><strong><em>agi3</em></strong></span> <span class='ocrx_word' id='word_1_394' title='bbox 1090 3915 1145 3953; x_wconf 89' lang='lat' dir='ltr'><strong><em>tum</em></strong></span> <span class='ocrx_word' id='word_1_395' title='bbox 1162 3901 1248 3974; x_wconf 85' lang='lat' dir='ltr'><strong><em>Sibyl-</em></strong></span> 
     </span>
     <span class='ocr_line' id='line_1_42' title="bbox 209 3980 1247 4058; baseline -0.008 -18"><span class='ocrx_word' id='word_1_396' title='bbox 209 3987 279 4053; x_wconf 83' lang='lat' dir='ltr'><strong><em>lam,</em></strong></span> <span class='ocrx_word' id='word_1_397' title='bbox 293 4005 349 4040; x_wconf 87' lang='lat' dir='ltr'><strong><em>esse</em></strong></span> <span class='ocrx_word' id='word_1_398' title='bbox 363 3989 432 4040; x_wconf 89' lang='lat' dir='ltr'><strong><em>euim</em></strong></span> <span class='ocrx_word' id='word_1_399' title='bbox 447 3987 516 4042; x_wconf 84' lang='lat' dir='ltr'><strong><em>hanc</em></strong></span> <span class='ocrx_word' id='word_1_400' title='bbox 528 3987 621 4040; x_wconf 85' lang='lat' dir='ltr'><strong><em>Phoehi</em></strong></span> <span class='ocrx_word' id='word_1_401' title='bbox 632 3999 716 4041; x_wconf 85' lang='lat' dir='ltr'><strong><em>uatem</em></strong></span> <span class='ocrx_word' id='word_1_402' title='bbox 729 4008 752 4040; x_wconf 88' lang='lat' dir='ltr'><strong><em>r.</em></strong></span> <span class='ocrx_word' id='word_1_403' title='bbox 772 4005 803 4058; x_wconf 77' lang='lat'><strong><em>77</em></strong></span> <span class='ocrx_word' id='word_1_404' title='bbox 814 4025 821 4051; x_wconf 89' lang='lat'><strong>‚</strong></span> <span class='ocrx_word' id='word_1_405' title='bbox 834 3985 973 4038; x_wconf 83' lang='lat' dir='ltr'><strong><em>vaticinari</em></strong></span> <span class='ocrx_word' id='word_1_406' title='bbox 985 4001 1009 4034; x_wconf 86' lang='lat' dir='ltr'><strong><em>v.</em></strong></span> <span class='ocrx_word' id='word_1_407' title='bbox 1023 3981 1170 4046; x_wconf 78' lang='lat'><strong>82-155‚</strong></span> <span class='ocrx_word' id='word_1_408' title='bbox 1183 3980 1247 4032; x_wconf 87' lang='lat' dir='ltr'><strong><em>hine</em></strong></span> 
     </span>
    </p>
   </div>
   <div class='ocr_carea' id='block_1_8' title="bbox 210 4061 1247 4138">
    <p class='ocr_par' dir='ltr' id='par_1_9' title="bbox 210 4061 1247 4138">
     <span class='ocr_line' id='line_1_43' title="bbox 210 4061 1247 4138; baseline -0.009 -16"><span class='ocrx_word' id='word_1_409' title='bbox 210 4071 306 4126; x_wconf 88' lang='lat' dir='ltr'><strong><em>iterum</em></strong></span> <span class='ocrx_word' id='word_1_410' title='bbox 327 4069 470 4126; x_wconf 84' lang='lat' dir='ltr'><strong><em>succedere</em></strong></span> <span class='ocrx_word' id='word_1_411' title='bbox 494 4069 659 4126; x_wconf 79' lang='lat' dir='ltr'><strong><em>sacerdotem</em></strong></span> <span class='ocrx_word' id='word_1_412' title='bbox 680 4089 705 4125; x_wconf 87' lang='lat' dir='ltr'><strong><em>r.</em></strong></span> <span class='ocrx_word' id='word_1_413' title='bbox 730 4067 797 4136; x_wconf 73' lang='lat' dir='ltr'><strong><em>alh,</em></strong></span> <span class='ocrx_word' id='word_1_414' title='bbox 822 4083 934 4138; x_wconf 82' lang='lat' dir='ltr'><strong><em>eamque</em></strong></span> <span class='ocrx_word' id='word_1_415' title='bbox 957 4065 1043 4137; x_wconf 82' lang='lat' dir='ltr'><strong><em>excipi</em></strong></span> <span class='ocrx_word' id='word_1_416' title='bbox 1066 4083 1083 4116; x_wconf 87' lang='lat' dir='ltr'><strong><em>a</em></strong></span> <span class='ocrx_word' id='word_1_417' title='bbox 1101 4061 1201 4134; x_wconf 77' lang='lat' dir='ltr'><strong><em>Sibylla</em></strong></span> <span class='ocrx_word' id='word_1_418' title='bbox 1230 4077 1247 4114; x_wconf 77' lang='lat' dir='ltr'><strong><em>a</em></strong></span> 
     </span>
    </p>
   </div>
   <div class='ocr_carea' id='block_1_9' title="bbox 0 0 1536 4682">
    <p class='ocr_par' dir='ltr' id='par_1_10' title="bbox 0 0 1536 4682">
     <span class='ocr_line' id='line_1_44' title="bbox 0 0 1536 4682; baseline 0 0"><span class='ocrx_word' id='word_1_419' title='bbox 0 0 1536 4682; x_wconf 95' lang='lat' dir='ltr'><strong><em> </em></strong></span> 
     </span>
    </p>
   </div>
  </div>
 </body>
</html>
