3022 4682
355 391 403 476 P.
438 384 734 478 VIRGILII
767 383 1078 476 MARONIS

499 641 949 780 AENEIDOS

438 952 661 1055 trena
699 947 1010 1056 sexsus

205 1245 1248 1274 mmmmmvuwxmmmemwmmwummwwuwuwum

555 1447 904 1508 ARGUMENTUM.

206 1655 334 1759 Cunus
353 1695 500 1758 advectus
520 1697 645 1771 AEneas,
661 1709 786 1758 antrum
805 1695 930 1780 Sibyllae
948 1699 1044 1779 petit,
1062 1717 1253 1788 peractoque

207 1784 247 1846 de
258 1807 343 1846 more
357 1784 526 1858 sacrificio,
539 1783 649 1846 Phoebi
661 1785 825 1846 oraculum
835 1783 982 1847 consulit.
999 1785 1046 1845 lbi
1062 1803 1092 1847 et
1105 1791 1253 1853 instantia

207 1875 360 1958 pericula,
375 1889 406 1935 et
419 1873 516 1935 futuri
530 1873 604 1934 belli
619 1889 765 1935 eventum
780 1877 874 1934 discit
894 1877 1028 1936 1-160.
1042 1879 1152 1940 Miseni
1165 1883 1254 1942 cada·

209 1985 263 2024 ver
278 1967 310 2024 in
325 1963 416 2024 litore
431 1966 594 2024 inventum
609 1963 787 2040 comburit,
809 1964 1018 2046 reliquiasque
1032 1965 1089 2026 sub
1108 1973 1252 2050 proximo

137 2093 141 2100 ,
211 2067 320 2112 monte
332 2051 452 2132 sepelit,
464 2052 519 2133 qui
532 2053 644 2110 Miseni
654 2073 770 2111 nornen
782 2049 821 2111 ab
835 2051 889 2110 illo
903 2051 1041 2111 obtinuit
1055 2087 1086 2100 -
1099 2059 1254 2119 235.1nde

211 2139 432 2200 columbarum
452 2139 550 2198 ductu
576 2139 615 2197 ad
639 2161 769 2199 aureum
793 2159 915 2198 ramum
937 2143 1098 2222 pervenit:
1120 2167 1182 2224 quo
1205 2145 1255 2206 de·

212 2231 339 2314 cerpto,
353 2233 558 2310 mactatisque
576 2229 688 2290 hostiis
707 2231 781 2290 deos
802 2229 920 2290 inferos
941 2247 1116 2308 veneratus,
1138 2233 1256 2318 Sibylla

212 2320 307 2394 duce,
319 2341 375 2402 per
389 2320 500 2378 Averni
513 2318 617 2378 fauces
632 2317 669 2378 ad
683 2317 799 2378 inferos
814 2317 914 2378 tendit
928 2351 965 2364 —
976 2319 1044 2380 336.
1058 2320 1256 2401 Palinurum,

214 2410 300 2492 quod
317 2407 452 2492 sepulcri
472 2407 594 2468 honore
606 2423 740 2484 careret,
755 2409 835 2468 circa
853 2407 989 2487 Stygiam
1007 2407 1155 2490 paludem
1168 2411 1258 2473 ober-

214 2513 336 2558 rantem
356 2497 491 2572 invenit,
512 2517 647 2576 eumque
663 2517 724 2556 una
746 2498 778 2555 in
797 2495 979 2556 ulteriorem
996 2497 1098 2578 ripam
1116 2501 1257 2580 trajicere

212 2587 392 2668 cupientem
416 2582 532 2665 Sibylla
553 2581 713 2666 probibet,
735 2581 978 2664 cenotaphiique
996 2599 1026 2644 et
1039 2589 1255 2667 exsequiarum

211 2695 266 2756 spe
287 2671 468 2734 consolatur
485 2672 605 2732 -383.
630 2675 705 2732 Post
728 2671 794 2732 baec
814 2674 935 2752 Stygem
957 2669 1104 2752 trajectus
1130 2676 1257 2752 AEneas,

211 2763 410 2844 Cerberoque
424 2761 582 2822 medicatis
592 2761 663 2821 ollis
676 2763 791 2842 sopito,
801 2781 857 2842 per
870 2758 940 2820 loca
953 2761 1120 2822 infantium
1136 2785 1258 2824 eurum-

212 2875 288 2934 que,
311 2855 364 2934 qui
385 2851 463 2911 falso
482 2853 614 2911 crimine
632 2850 771 2910 damnati
790 2853 893 2933 capite
907 2850 1098 2932 supplicium
1117 2851 1259 2932 lucrant,

215 2943 273 3000 iter
284 2940 417 3016 faciens,
431 2943 574 3020 pervenit
586 2939 624 3000 ad
638 2939 741 3000 sedem
756 2959 880 3015 eorum,
893 2941 948 3021 qui
962 2942 1077 2999 amoris
1091 2941 1258 3024 impatien-

216 3033 259 3089 tia
280 3051 390 3088 manus
412 3030 469 3087 sibi
491 3030 706 3092 consciverant
719 3027 834 3110 -449,
857 3029 904 3087 lbi
923 3027 1038 3094 Elisam
1058 3033 1258 3110 conspicatus

214 3137 312 3197 quum
325 3121 353 3174 ei
365 3136 395 3175 se
405 3137 538 3196 purgare
549 3116 652 3191 vellet,
661 3115 715 3176 illa
727 3114 966 3197 indignabunda
977 3133 1179 3198 conspectum
1189 3118 1257 3196 ejus

216 3203 330 3284 effugit
344 3236 377 3248 -
387 3200 463 3281 4763
476 3202 548 3262 inde
558 3223 738 3284 progressus
747 3201 947 3283 Deiphobum
959 3205 990 3262 in
1004 3201 1259 3278 sedibuseorum,

218 3294 272 3372 qui
290 3289 373 3349 bello
393 3288 564 3370 aliquando
584 3288 773 3365 claruerant,
792 3291 900 3350 multis
918 3289 1101 3350 vulneribus
1121 3291 1260 3352 lacerum

217 3381 386 3461 conspicit,
402 3379 550 3458 necisque
565 3375 630 3458 ejus
645 3377 809 3459 indignum
825 3378 954 3438 modurn
971 3378 1012 3438 ab
1031 3381 1098 3460 ipso
1113 3377 1261 3439 edocetur

218 3505 257 3516 -—
271 3467 337 3544 534.
357 3468 476 3529 Relicto
496 3465 610 3526 deinde
631 3465 670 3526 ad
691 3465 801 3527 laevam
816 3469 961 3540 Tartaro,
980 3467 1259 3552 sceleratorumque

219 3579 325 3641 poenas
340 3580 357 3616 a
377 3557 492 3639 Sibylla
512 3557 643 3618 edoctus
655 3559 774 3638 -627,
797 3556 834 3616 ad
853 3557 933 3617 Ditis
949 3558 1044 3638 ipsius
1059 3559 1171 3618 moenia
1187 3580 1259 3620 con·

220 3647 336 3720 tendit,
347 3667 535 3728 aureumque
550 3667 672 3706 ramum
685 3648 796 3728 inipso
809 3648 901 3728 regias
911 3645 1020 3705 limine
1032 3646 1257 3730 deligit—636.

219 3738 295 3797 Post
315 3735 382 3796 haec
401 3735 439 3793 ad
460 3737 692 3798 fortunatorum
707 3733 792 3796 sedes
812 3739 871 3796 iter
890 3735 1042 3812 instituit,
1057 3751 1086 3798 et
1104 3759 1119 3796 a
1139 3737 1258 3800 Musaeo

219 3825 259 3885 ad
267 3839 388 3907 patrem
398 3846 487 3884 suum
495 3826 795 3908 perducitur-678.
808 3823 856 3886 lbi
869 3823 1016 3886 Anchises
1024 3828 1149 3888 AEncam
1159 3829 1259 3890 lilium

221 3917 396 3974 animarum
408 3916 575 3995 originem,
591 3917 823 3996 purgationem,
834 3931 864 3976 et
876 3920 1176 3980 consummationem
1187 3919 1260 3978 edo·

221 4018 283 4078 cet,
296 4005 386 4084 eique
397 4001 588 4064 Albanorum
602 4007 878 4087 Romanorumque
889 4024 995 4084 regum
1008 4025 1166 4066 recensum
1175 4005 1258 4078 lacit,

222 4090 443 4176 nobiliumque
466 4091 588 4176 aliquot
610 4095 823 4156 llomauorum
846 4095 974 4154 nomina
995 4115 1194 4179 percurrens,
1219 4088 1260 4152 'ad

1059 4209 1082 4259 7.
