3028 4682
269 396 332 480 ²4⁴
594 380 860 449 sxcuasus
882 381 983 445 x111

269 527 334 578 duni
347 521 461 577 variata,
474 521 617 564 occurrunt
628 510 656 559 in
670 494 847 578 scriptoribni
867 518 928 576 post
943 501 1047 576 Virgilii
1059 514 1194 575 tempora,
1208 521 1266 575 qna
1277 502 1314 556 ad

269 625 318 659 noe
329 618 383 654 non
393 604 522 668 spectant.
536 591 565 641 ln
576 589 618 641 his
631 599 670 640 cst
682 586 838 641 Plutarchus
848 585 952 656 aliquot
962 585 1041 647 loois3
1055 585 1174 655 inprimis
1184 585 1210 635 in
1221 581 1314 636 libello

269 685 303 738 de
315 699 375 735 sera
389 694 461 729 num.
475 668 548 722 vind.
560 669 591 718 T.
605 668 642 731 ll,
655 665 715 731 564.
728 665 775 716 ubi
786 663 947 734 Thespesius
957 662 1053 734 aliquis
1064 662 1193 726 Solensis,
1205 663 1315 732 quijam

270 777 390 819 mortuus
409 760 435 808 in
457 756 537 804 vitam
552 748 682 812 redierat,
702 747 806 798 somnia
826 744 949 797 fabulose
961 755 1069 796 narrat:
1085 741 1120 795 sd
1132 760 1210 813 quern
1224 742 1315 794 locum

270 847 399 900 seriorum
413 829 636 910 pbilosophorum
657 838 807 879 commenta
828 824 906 877 docte
928 825 1049 896 exposuit
1069 819 1257 896 Wyttenbaoh.
1274 821 1315 874 De

271 920 418 977 millenario
431 931 563 970 annornm
573 925 685 962 numero
697 925 723 958 r.
733 907 797 958 Not.
812 904 847 957 ad
857 923 883 957 r.
897 905 956 976 748.

718 1103 860 1122 ψ

521 1234 890 1330 EXCURSUS
924 1235 1065 1324 XIV.
1142 1299 1151 1312 ,

359 1459 556 1528 Funuarum
568 1469 675 1514 rerum
685 1433 912 1531 praedictiones
926 1446 961 1506 in
973 1444 1063 1529 epioe
1074 1445 1227 1507 camene.

306 1636 489 1709 v1‚752sqq.
505 1628 546 1679 lta
558 1626 613 1676 lere
630 1621 769 1674 bominum
783 1620 917 1692 ingenium
938 1619 1005 1684 fert,
1020 1629 1049 1669 ut
1065 1619 1215 1670 futurarum
1228 1637 1317 1670 rerurn

273 1720 435 1777 obscuritate
445 1707 529 1762 multo
540 1706 624 1775 magis
636 1711 807 1763 moveantur,
823 1717 902 1769 quam
914 1697 1050 1768 praesentis
1062 1708 1145 1747 status
1157 1699 1321 1768 perspicaci-

275 1817 330 1858 tate
342 1813 369 1852 et
379 1790 526 1849 evidentia3
538 1786 578 1836 uti
590 1801 635 1850 ea,
649 1799 707 1852 quse
721 1791 817 1852 praeter
831 1791 933 1830 nature
949 1795 1049 1829 rnorem
1067 1775 1146 1844 fiunt,
1162 1777 1255 1849 vulgus
1267 1777 1320 1829 ho.

273 1884 375 1934 minum
392 1870 475 1924 multo
488 1865 571 1934 magis
584 1858 746 1933 percellunt,
762 1875 843 1927 quarn
856 1874 914 1928 quc
928 1874 960 1907 ex
972 1853 1101 1926 preclaro
1114 1866 1213 1906 natura
1225 1855 1321 1908 ordine

273 1955 439 2034 procedunt,
457 1947 503 2018 qui
521 1956 610 1995 tamen
628 1939 722 1991 anisnis
741 1937 838 1989 nostris
858 1935 943 1987 multo
962 1934 1088 1986 clariores
1107 1950 1138 1983 ac
1156 1935 1321 2003 potentiores

274 2029 436 2096 admirandae
450 2041 476 2080 et
488 2020 630 2078 adorandae
642 2019 737 2071 divinae
750 2029 849 2069 naturae
862 2035 893 2068 ac
905 2012 1078 2086 providentia
1097 2030 1204 2066 caussas
1221 2031 1320 2084 suppe-

274 2122 361 2174 ditare
372 2122 481 2188 poterat
493 2125 524 2157 ac
539 2101 662 2154 debebat.
676 2098 728 2151 Sed
740 2098 861 2149 caecutire
879 2095 1009 2146 malumus
1028 2095 1055 2144 iu
1073 2094 1181 2144 incertis
1201 2109 1279 2164 vam
1293 2093 1322 2145 in

275 2201 354 2254 certis
370 2183 562 2266 perspiciendis
584 2181 761 2250 acquiescere.
783 2179 877 2246 ltaque
896 2185 994 2246 poetae,
1016 2173 1061 2242 qui
1082 2170 1203 2222 humanae
1221 2183 1322 2224 naturae

274 2297 377 2333 morem
394 2286 420 2325 et
432 2265 550 2322 indolem
562 2264 590 2313 in
602 2277 665 2312 suos
677 2275 741 2309 usus
761 2255 884 2318 trabunt,
897 2272 953 2307 rern
965 2252 1088 2304 viderunt
1100 2267 1157 2303 etse
1171 2269 1323 2302 accommo-

275 2359 441 2414 datissimam
452 2346 486 2398 ad
498 2345 601 2396 arsimus
620 2337 750 2391 tenendos
763 2348 788 2387 et
801 2332 988 2396 delectandos,
1001 2343 1030 2382 ut
1044 2349 1076 2382 ex
1087 2347 1175 2381 rerum
1187 2342 1322 2401 gestarum

275 2437 413 2496 memoria,
426 2447 471 2488 en,
485 2443 541 2494 quae
552 2419 701 2492 argumenti
711 2416 781 2486 epici
791 2427 911 2483 tempore
922 2424 1010 2463 essent
1018 2411 1134 2474 seriora,
1144 2427 1193 2480 per
1202 2409 1323 2460 vaticinii

275 2519 384 2572 modurn
397 2515 556 2562 intexerent3
569 2517 622 2569 quo
636 2495 747 2550 artificio
762 2495 814 2564 ipsi
826 2493 920 2563 tragici
932 2493 1024 2561 copias
1036 2489 1196 2542 dramaticus
1209 2487 1324 2560 amplifi·

275 2617 336 2652 care
347 2611 400 2644 non
413 2583 550 2654 dedignati
565 2591 635 2630 sunt.
653 2579 688 2627 Ut
704 2577 773 2627 enirn
793 2585 897 2625 taceam
910 2571 1017 2622 umbras
1030 2581 1167 2632 evocatas,
1179 2581 1323 2640 vatumque

275 2679 373 2735 effata,
388 2667 430 2721 rel
443 2661 569 2723 oracula,
582 2675 639 2728 quse
652 2656 750 2726 passim
764 2655 791 2704 in
803 2652 910 2722 tragicis
923 2661 1079 2712 occurrunt,
1093 2645 1207 2718 AEschyli
1219 2649 1325 2698 Prome·

276 2758 353 2808 tlreus
367 2753 470 2801 rinctus
491 2745 532 2793 lus
552 2741 609 2790 fata
627 2735 727 2788 diserto
740 2747 766 2785 et
783 2745 877 2784 ortiato
896 2733 1022 2783 vaticinio
1042 2729 1164 2800 exponit;
1186 2729 1241 2780 fata
1259 2745 1324 2780 vero

276 2837 361 2903 Trojae
373 2845 469 2897 resque
485 2834 546 2894 post
558 2819 666 2887 Trojarn
679 2825 857 2886 expugnatam
869 2811 1024 2888 doctissimo
1038 2808 1157 2860 dramate
1168 2806 1326 2880 Lycophro-

275 2921 317 2972 nis
333 2907 495 2966 cassandi-n
513 2902 612 2968 majore
634 2897 726 2965 utique
738 2912 799 2946 cum
818 2895 861 2957 vi,
878 2910 958 2961 quam
976 2893 998 2941 si
1010 2889 1107 2942 easdem
1122 2905 1163 2940 res
1177 2890 1232 2957 jam
1244 2900 1323 2960 geste

276 3011 303 3051 et
316 2995 350 3048 ad
363 3001 485 3044 eventum
498 2979 632 3052 perductae
643 2987 756 3026 narrata
770 2985 866 3024 essent.
876 2971 929 3022 Sed
941 2971 1023 3040 epicae
1035 2968 1180 3020 narrationi
1192 2966 1324 3019 varianda

276 3092 303 3132 et
315 3063 509 3141 locupletandae
521 3059 580 3112 talis
593 3055 712 3108 vaticinii
724 3053 854 3124 expositio
874 3052 995 3120 inprimis
1015 3045 1217 3100 accommodata
1230 3047 1263 3096 sit
1275 3064 1325 3098 ne·

277 3173 350 3208 cesse
367 3162 420 3210 est,
436 3161 517 3214 quum
538 3157 570 3190 ex
588 3138 738 3186 futurarum
756 3149 845 3184 renum
863 3129 1036 3200 praedictione
1057 3138 1159 3178 tanturn
1180 3124 1326 3194 voluptatis

278 3255 338 3290 curn
358 3225 534 3284 admiratione
556 3217 665 3286 capiant
681 3211 815 3264 mortales.
831 3210 891 3276 Quo
907 3209 991 3279 magis
1004 3205 1056 3259 tale
1069 3203 1218 3276 episotlium
1231 3217 1326 3274 optan-

277 3317 341 3367 dum
355 3311 406 3362 fuit
422 3301 548 3373 Virgilio,
566 3298 641 3364 cujus
655 3307 712 3344 tota
729 3293 818 3344 AEneis
831 3309 863 3344 ex
875 3288 1005 3352 oraculis,
1020 3287 1145 3348 somniis,
1156 3294 1183 3336 et
1195 3283 1326 3334 sauciniis

277 3393 384 3468 pendet.

311 3465 475 3524 praedicendi
486 3474 573 3512 autern
588 3475 630 3510 res
642 3458 747 3507 futuras
759 3451 832 3504 modi
844 3469 901 3502 non
914 3449 981 3501 adeo
994 3446 1071 3499 multi
1085 3457 1159 3506 sunt;
1173 3461 1222 3496 nec
1237 3444 1325 3505 enim,

277 3557 356 3608 nisio
370 3549 486 3607 veribus,
504 3553 550 3594 aut
563 3559 578 3588 a
593 3539 662 3600 viso,
675 3554 722 3588 seu
734 3531 921 3605 sigillantibus,
934 3547 981 3580 seu
993 3523 1197 3588 somniantibus,
1210 3521 1290 3594 modo
1309 3541 1327 3572 a

277 3629 439 3686 daemonibus
452 3640 498 3674 seu
511 3620 608 3690 geniis,
621 3614 702 3666 modo
715 3611 824 3684 maqicis
832 3611 971 3661 bominum
983 3605 1096 3668 artibus,
1108 3604 1228 3672 objecto,
1240 3613 1284 3654 aut
1294 3601 1328 3652 ab

279 3713 334 3783 ipsu
346 3707 437 3759 divino
450 3713 561 3764 notura,
576 3696 707 3767 proticisci
719 3709 798 3764 posse
810 3691 915 3742 videtur
931 3686 985 3740 ulla
997 3689 1148 3738 futurarum
1161 3701 1247 3736 rerum
1259 3699 1328 3752 prte-

279 3792 370 3842 dictio.
384 3785 492 3836 Nullum
512 3798 542 3830 ex
561 3779 602 3829 his
622 3793 706 3848 genus
718 3787 774 3838 est,
789 3770 861 3842 quod
881 3772 1009 3824 intactum
1022 3786 1039 3819 a
1053 3768 1139 3838 poetis
1152 3765 1273 3818 relietum
1283 3763 1326 3814 sit.

278 3869 404 3920 Omnium
425 3867 525 3932 primus
537 3859 666 3909 Heinsius
678 3850 820 3906 evocandis
838 3851 943 3902 Tiresiae
956 3847 1081 3900 Manibus
1094 3845 1194 3916 Ulyssis
1211 3841 1328 3894 reditum

280 3963 305 4000 ct
319 3949 374 3997 lata
386 3943 538 3994 declaravit.
556 3938 649 3988 Phinei
665 3935 792 3986 vaticinio
813 3949 900 3983 rerum
918 3947 1069 3982 successum
1086 3923 1328 3998 Argonauticorum

278 4030 411 4096 scriptores
421 4032 556 4090 expronnnt
566 4035 666 4068 omnes.
676 4017 762 4081 Quam
771 4015 875 4084 insigne
884 4010 1004 4063 Maronis
1013 4011 1148 4060 inventum
1160 4007 1207 4070 sit,
1217 4017 1329 4058 recensu

282 4111 430 4160 estimarunt
442 4103 470 4151 in
482 4115 597 4167 corpora
608 4095 812 4148 transiturarum
824 4091 983 4156 substituto,
992 4106 1054 4141 mox
1063 4084 1222 4140 ridebimus.
1232 4083 1330 4136 Home-
