2968 4696
275 325 337 389 316
522 323 556 386 P.
580 320 811 386 VIRGlLll
834 321 1065 386 nunonis

318 449 375 512 Est
386 447 478 512 locus
491 448 591 512 Italiae
602 445 713 511 medio
725 445 788 510 sub
800 445 968 511 montibus
980 445 1052 510 altis

274 553 415 633 Nobilis,
430 555 559 620 etfama
571 554 682 618 multis
694 570 894 620 memoratus
906 555 940 616 in
953 555 1033 632 oria,

275 661 440 724 Amsancti
452 659 694 725 valles:densis
707 657 797 724 hunc
808 656 983 723 frondibus
994 674 1103 722 atrum
1284 669 1332 718 tot

274 766 401 855 Urguet
414 769 580 858 utrimque
592 767 676 832 latus
689 767 847 844 nemoris,
861 763 1040 854 medioque
1052 765 1203 852 fragosus

276 873 339 936 Dat
351 873 495 939 sonitum
508 875 590 938 saxis
603 889 635 938 et
647 889 733 937 torto
745 872 868 937 vertice
880 889 1008 937 torrens
1020 895 1028 934 ι

276 1057 317 1100 tim
327 1057 460 1118 scripto—
467 1056 518 1103 563.
529 1059 552 1102 in
561 1057 632 1104 medio
642 1056 696 1104 edd.
706 1067 730 1103 et
739 1055 809 1102 codd.
820 1054 937 1102 nonnulli.
945 1053 991 1100 Sed
1001 1056 1024 1098 in
1032 1052 1126 1098 exulare
1135 1051 1192 1098 fecit
1201 1051 1329 1099 lieinsius.

275 1147 307 1160 -
319 1125 453 1189 sanfam..
462 1127 509 1172 nt.
522 1137 657 1175 „omar
667 1125 765 1173 aaran.
776 1151 808 1161 -
820 1125 872 1172 aas.
885 1122 1113 1188 remanetis.
1126 1133 1152 1166 ιι
1165 1120 1332 1184 Amsanctus.

275 1210 313 1256 ap.
326 1195 375 1240 Cic.
388 1195 447 1242 l‘liu.
459 1207 481 1242 et
490 1195 644 1244 Claudianum
653 1197 769 1244 scribitur.
782 1195 899 1240 Romanus
907 1205 930 1239 et
938 1193 979 1238 Ed.
989 1190 1160 1254 Vemarfioett'.
1168 1191 1192 1234 ia
1199 1189 1329 1253 plerisque

276 1275 310 1310 est
321 1265 451 1312 aberratum
461 1271 575 1323 unsancti,
585 1271 611 1314 it.
621 1270 723 1322 manti,
732 1268 839 1322 anxanlt',
851 1278 974 1320 mm,
984 1279 1014 1308 ‘m
1023 1261 1094 1308 νὼ
1102 1263 1182 1308 Μ·
1192 1259 1330 1323 M⁰¹f’'‘¹'¹·

276 1333 334 1380 tibus
346 1334 404 1382 alter
415 1337 511 1384 Mentel.
521 1364 553 1376 —
562 1339 614 1385 566.
625 1347 745 1402 utrunque
754 1336 845 1399 aliquot
856 1337 934 1382 licias.
943 1350 996 1380 cum
1008 1333 1078 1379 Goda-
1088 1348 1124 1395 pr.
1129 1331 1243 1396 mosis,
1256 1331 1328 1377 atad

276 1408 338 1451 saxis
348 1407 473 1464 referatur,
486 1407 575 1473 aliquot
586 1409 647 1456 Pier.
659 1409 739 1455 lleins.
752 1419 777 1454 et
788 1404 964 1467 Bam-567.
977 1405 1059 1450 vortice
1068 1401 1187 1448 nonnulla
1197 1400 1269 1456 edd..
1282 1401 1328 1448 ⁵0⁶¹

276 1554 318 1607 rel
330 1554 470 1610 Charonea
478 1559 615 1632 (Mafsete)
628 1559 772 1632 appelleon
822 1578 872 1622 eo,
886 1555 959 1627 quad
971 1554 1044 1626 apud
1055 1555 1203 1605 Varronem
1216 1561 1257 1603 est
1266 1563 1327 1604 um·

276 1633 330 1684 vid.
348 1635 414 1687 Plin.
428 1639 465 1702 ll,
487 1637 530 1706 93.
550 1640 604 1690 Cic.
623 1639 657 1692 de
673 1639 732 1690 niv.
745 1641 772 1704 l,
821 1637 917 1689 bilicus
929 1634 1010 1686 ltaliae
1026 1651 1089 1705 ager
1100 1631 1236 1684 Reatinus.
1249 1630 1324 1682 Aba.

277 1713 328 1776 36,
341 1713 362 1782 §.
378 1732 427 1786 79:
440 1719 476 1768 cf.
487 1718 557 1771 Nota
569 1719 728 1772 Beclmann.
739 1717 773 1770 ad
823 1716 922 1770 Venuli
930 1717 957 1767 in
969 1712 1064 1766 eodem
1076 1712 1131 1764 fere
1142 1721 1228 1763 tractu
1240 1708 1323 1760 aliam

276 1790 401 1864 Antigon.
414 1793 514 1868 Caryst.
532 1797 588 1850 135.
605 1796 668 1849 laiac
683 1816 708 1848 v.
722 1795 773 1849 568
822 1793 969 1848 convallem
986 1793 1019 1846 ad
1034 1793 1152 1843 Mentem
1173 1787 1284 1842 castello
1296 1787 1327 1839 dt'

275 1869 408 1941 spiracula
426 1876 503 1928 Ditis.
522 1877 658 1928 Amsancti
677 1893 773 1927 nomeu
823 1877 916 1929 Catina
942 1871 1148 1946 deprehendisse
1173 1871 1224 1922 sibi
1249 1871 1325 1922 nsua

277 1947 341 2001 huic
353 1950 431 2004 lacui.
444 1954 510 2007 Plio.
523 1954 541 2006 l.
555 1974 578 2008 c.
592 1955 658 2005 Item
671 1954 699 2006 in
712 1953 776 2005 Hir·
824 1969 897 2021 erat,
917 1954 951 2008 ad
971 1973 1051 2026 quam
1071 1965 1157 2024 poete
1176 1950 1259 2003 verba
1276 1969 1326 2002 ac·

275 2028 348 2099 pinis
362 2031 498 2085 Amsancti
513 2033 549 2085 od
559 2032 684 2106 Mephitis
694 2034 775 2085 edem
824 2033 1035 2087 commodabat:
1052 2033 1079 2083 ia
1103 2030 1165 2082 diss.
1186 2029 1328 2101 praemissa

279 2104 382 2169 ¹⁰02⁸mt
399 2129 477 2184 quem
495 2113 543 2186 qui
562 2113 707 2178 intrauere,
720 2131 775 2164 mo·
823 2115 898 2166 Tom.
911 2115 947 2165 111
959 2111 1062 2185 Virgilii
1074 2109 1260 2181 Ambrogiaai:
1271 2107 1328 2160 Ca-

278 2186 394 2240 riuntar.
416 2191 501 2244 Locus
522 2195 667 2244 etiamnum
688 2191 775 2243 dictus
824 2206 864 2248 ret
878 2207 966 2245 tamen
983 2204 1008 2244 et
1024 2191 1076 2242 hoc
1093 2191 1250 2242 auctoritate
1263 2187 1328 2240 ido·

279 2265 380 2340 Maſsa.
404 2271 584 2326 Offenderunt
611 2285 699 2325 tamea
727 2272 776 2322 viri
824 2291 883 2325 nea.
914 2273 1086 2323 Amsanctum
1112 2267 1234 2320 Lucaniae
1264 2284 1328 2319 esse

281 2343 353 2398 docti
366 2347 400 2400 ad
412 2351 507 2403 verba:
521 2350 609 2403 Italic
624 2350 724 2411 medio,·
737 2362 776 2400 at·
824 2353 945 2405 Donatus
958 2347 1139 2416 aiebat‚unde
1149 2347 1228 2400 Calor
1237 2347 1328 2400 amnis

281 2443 332 2494 que
343 2426 419 2479 locus
431 2431 494 2480 satis
507 2431 675 2493 conveniret,
685 2429 778 2498 quaesi·
826 2429 888 2502 (qui
902 2431 971 2482 inter
986 2429 1133 2499 Aquarium
1151 2439 1179 2478 et
1190 2427 1328 2478 Pnstaaos

280 2524 342 2558 rere
356 2509 455 2558 eumin
469 2507 520 2560 alia
539 2509 627 2560 ltaliae'
637 2521 721 2579 parte.
734 2507 777 2560 Ad
827 2526 904 2581 agros
922 2509 1007 2562 fertur
1027 2520 1053 2558 et
1072 2505 1157 2557 Silero
1178 2504 1327 2576 miscetur)

281 2585 421 2656 speluncas
431 2584 533 2639 AEolitts
543 2587 628 2640 dictas
639 2605 724 2659 prope
736 2588 778 2638 ln·
826 2605 944 2660 preceps
960 2588 1045 2639 lemur
1059 2607 1066 2637 ι
1082 2607 1094 2632 e
1106 2585 1152 2637 ubi
1164 2596 1268 2636 antrum
1280 2585 1326 2634 in-

281 2677 437 2731 teramnam,
446 2664 527 2718 hodie
537 2666 634 2732 Terni,
644 2669 691 2738 qui
702 2666 778 2719 locus
825 2667 909 2739 gentis
922 2663 1110 2737 magnitudinis
1124 2680 1185 2714 oum
1197 2661 1326 2734 pestilera

282 2745 421 2794 cataractis
430 2745 514 2796 amnis
523 2745 610 2796 Velini
622 2745 718 2797 nobilis
729 2759 777 2811 est,
826 2747 994 2801 exhalatione
1004 2769 1015 2794 ι
1026 2745 1153 2816 deceptus
1163 2743 1208 2796 ifle
1218 2744 1326 2795 nomiae

281 2823 425 2875 transferre
445 2823 529 2875 voluit
548 2823 637 2876 locum
654 2823 779 2896 Virgilia-
826 2827 898 2880 fluvii
910 2827 1031 2892 Caloris;
1043 2824 1117 2897 quod
1133 2841 1273 2876 commane
1284 2833 1327 2874 est

281 2921 362 2969 num,
382 2916 442 2975 post
462 2902 597 2955 Floridum
618 2905 689 2957 Lect.
711 2903 779 2956 Sab-
827 2907 904 2961 alteri
917 2908 945 2958 ia
955 2906 1082 2978 Hirpinis.
1094 2903 1200 2955 Scilicet
1210 2902 1287 2974 plura
1298 2913 1328 2952 et

281 2999 334 3034 aec.
347 2983 386 3047 11,
410 2984 455 3048 rs,
471 2983 632 3049 Addisonus,
651 2982 711 3036 loco
723 2987 778 3055 jam
827 2989 935 3040 luenmt
946 2985 986 3056 (v.
999 2985 1100 3038 Seneca
1111 2983 1144 3035 N.
1157 2981 1208 3048 Qu.
1220 2983 1265 3045 vt,
1277 2979 1326 3050 att)

283 3083 300 3118 a
310 3066 461 3117 Burmanno
471 3065 580 3118 laudato
590 3087 598 3128 ;
608 3079 634 3118 et
645 3065 708 3118 hinc
720 3066 779 3126 alii,
828 3079 854 3119 et
866 3066 954 3118 adhuc
973 3078 1033 3118 sant
1046 3062 1175 3134 ejusmodi
1192 3059 1325 3134 spiracula

283 3146 363 3196 etiam
383 3141 528 3196 Blainuille
544 3145 635 3197 Itinet.
647 3146 678 3197 Τ.
698 3147 737 3213 11,
753 3146 778 3198 S.
828 3144 1083 3217 (Messala).Exhis
1097 3161 1146 3214 pro
1160 3143 1246 3194 lubitu
1259 3141 1326 3194 alius

283 3239 326 3292 29.
339 3223 374 3273 At
384 3239 470 3293 nuper
481 3223 572 3276 Abbas
586 3224 736 3294 Capmortin
750 3225 781 3276 de
829 3226 901 3280 aliud
931 3226 1052 3296 arripuit.
1075 3221 1211 3276 Amsancti
1238 3233 1324 3272 tamea

285 3300 395 3372 Claupy
402 3300 544 3372 deprudio
556 3303 703 3355 Horatiano
717 3303 782 3371 (Det
829 3303 924 3358 vallent
938 3303 971 3355 ad
984 3303 1109 3374 Hirpinos
1122 3313 1256 3372 spectaro,
1266 3310 1326 3370 post

283 3393 403 3434 conuerte
423 3382 454 3433 de
479 3379 505 3432 la
531 3385 628 3434 maison
654 3383 686 3434 de
709 3401 781 3435 com·
829 3383 964 3436 Ciceronis
976 3394 1002 3434 et
1011 3382 1087 3432 Plinii
1099 3379 1226 3432 disertam
1237 3377 1325 3442 fidem,

281 3479 371 3535 papae
385 3457 514 3512 d‘Horace
524 3459 599 3512 Tora.
619 3461 670 3526 111,
683 3483 709 3534 p.
732 3463 781 3529 tol
829 3483 883 3516 noa
897 3475 936 3515 ast
950 3460 1023 3532 quod
1041 3460 1158 3512 dubitari
1173 3460 1264 3530 possit.
1277 3459 1327 3510 Fa·

286 3544 456 3616 sqq.)aquas
468 3541 578 3594 Cutilias
591 3543 618 3594 in
630 3541 733 3595 Sabinis
747 3542 781 3596 ad
830 3545 896 3595 ciem
922 3541 1029 3613 quidem
1058 3539 1110 3592 loci
1137 3556 1208 3590 nunc
1234 3537 1325 3610 paullo

285 3642 388 3676 amnem
398 3621 537 3687 Velinum,
551 3623 783 3694 querumparsbi·
830 3620 961 3673 diversam
995 3620 1094 3690 reperit
1129 3616 1233 3668 Cluver.
1269 3615 1325 3668 ltal.

284 3705 417 3754 tuminosa
431 3715 457 3753 et
468 3704 569 3754 nitroso
587 3715 642 3768 est,
655 3704 682 3753 ia
693 3704 782 3774 Virgi-
830 3719 891 3772 paq.
913 3715 994 3763 tuot,
1009 3698 1080 3749 silvae
1096 3696 1190 3748 saltem
1208 3694 1326 3747 deerant.

284 3782 357 3834 liano
373 3781 434 3833 loco
446 3783 588 3852 quaerebat.
600 3785 641 3835 lta
652 3783 708 3835 fere
725 3783 781 3851 itti,
830 3781 929 3832 Verum
941 3789 1131 3830 commemorat
1143 3787 1170 3827 et
1183 3774 1231 3826 has
1245 3775 1329 3826 Smin·

287 3862 333 3930 qui
356 3879 398 3930 ap.
423 3863 550 3932 Pompon.
572 3863 633 3915 Sab.
655 3864 783 3915 Amsanc-
832 3861 930 3924 burne,
957 3859 1003 3930 qui
1032 3875 1117 3929 nuper
1145 3854 1235 3922 locam
1262 3853 1328 3907 adiit

287 3953 343 3990 turn
355 3940 383 3990 in
395 3940 465 3991 etita
473 3940 578 4010 paludis
590 3943 705 3993 llcatintn
715 3961 784 4014 quar·
831 3935 957 4009 (vacls
979 3939 1007 3989 in
1021 3935 1064 3988 tle
1082 3950 1131 3987 nuo
1145 3932 1246 3987 Sicilies
1262 3933 1327 4002 1783

288 4019 402 4086 rebaat,
426 4018 548 4091 (incepti,
573 4033 602 4070 ιιι
624 4021 783 4090 arbitratur,
832 4013 859 4092 p
877 4018 942 4090 1²8)
954 4031 979 4071 et
992 4017 1044 4072 alia
1060 4013 1171 4088 Virgilio
1188 4023 1329 4074 consenta-
