3022 4682
505 380 570 444 no
594 377 794 442 ninnun
815 377 856 440 v.
934 334 939 344 ⁸
1155 381 1196 469 9³

168 511 225 571 lat,-
236 508 309 562 Hinc
315 504 411 580 populi
421 505 485 558 ritus
495 503 622 557 edidicere
632 503 697 576 pios.
711 504 749 554 Eo
764 513 884 573 spectent
895 500 946 554 hoc
957 501 1027 556 libro
1034 521 1141 559 versus:
1152 505 1196 578 59,

167 591 201 642 lio
213 600 292 662 atque
307 587 360 640 bne
372 606 413 638 me
424 603 495 639 sacra
505 585 646 658 quotannis
660 585 727 636 Urbe
738 583 802 636 velit
810 583 895 654 posito
908 583 1010 656 templis
1018 585 1144 660 sibifem
1155 588 1197 642 di.

167 669 237 720 cutis.
247 669 348 722 Fanum
364 669 449 720 AEneae
463 665 573 738 Segeste
587 677 716 716 memoret
729 664 835 736 Dionys.
850 665 877 729 l,
892 661 935 717 53.

440 986 800 1080 EXCURSUS
834 988 927 1074 ΙΙΙ.

233 1203 286 1267 De
297 1201 438 1291 Elyma,
450 1199 581 1264 Entello
593 1199 729 1288 aliisque
742 1219 788 1261 ex
800 1199 993 1286 antiquitate
1005 1196 1136 1270 Sicilr'oe.

203 1379 240 1446 V,
255 1377 288 1448 73
304 1378 362 1429 Hoc
375 1373 504 1447 Helymus
515 1373 603 1446 facin
621 1372 669 1425 ltoc
682 1373 731 1425 ceni
750 1383 867 1425 maturus
882 1373 990 1427 Acestes.
1005 1377 1102 1451 Magna
1119 1397 1204 1454 poeta

168 1459 250 1510 etiem
268 1459 296 1509 iu
309 1457 361 1508 hoc
374 1456 444 1508 libro
462 1457 519 1508 leus
537 1469 593 1520 est,
614 1453 686 1526 quod
702 1453 833 1506 historicae
850 1453 911 1506 lidei
925 1455 1029 1509 fabulas
1041 1475 1102 1512 sues
1115 1481 1206 1534 supen-

170 1536 295 1590 struendo
315 1535 445 1589 eruditam
466 1535 582 1606 aliquem
603 1535 765 1604 voluptutem
787 1534 930 1586 lectoribus
952 1541 1072 1608 apponit.
1095 1543 1206 1616 Helymi

167 1619 238 1670 enim
249 1617 290 1669 rel
302 1615 395 1688 Elymi
405 1616 506 1668 olorum
517 1633 613 1667 nomeu
625 1616 652 1666 in
665 1615 759 1666 Sicilire
770 1615 916 1685 originibus
928 1617 1057 1686 Troianis.
1070 1623 1150 1694 Troje
1159 1624 1205 1678 ille

163 1700 219 1767 jem
235 1709 296 1750 anto
308 1695 439 1749 excidium
455 1697 528 1748 urbis
542 1697 640 1748 exierat
659 1714 720 1747 cum
732 1696 846 1767 Egesto.
860 1713 885 1746 v.
899 1695 1007 1770 Dionys.
1021 1701 1048 1765 1,
1059 1701 1091 1754 52
1102 1717 1128 1755 et
1144 1722 1204 1778 sup.

152 1777 228 1840 ,Exn
248 1777 259 1826 1
278 1776 313 1828 ed
332 1775 359 1829 b.
379 1776 440 1842 lib.,
453 1777 502 1828 etsi
516 1775 562 1827 alii
580 1773 652 1846 apud
668 1773 790 1826 Strabon.
808 1774 1105 1846 x111‚p.60813,eum
1116 1784 1205 1836 ΛΕΜ

168 1855 308 1906 comitibus
322 1854 529 1926 adscripserunt.
543 1856 641 1906 Verum
655 1853 734 1905 etiarn
748 1851 906 1925 Lycopluon
920 1871 945 1906 v.
960 1855 1012 1926 965
1024 1857 1143 1913 Anchise
1155 1880 1205 1913 no·

168 1932 242 1984 tburn
255 1953 315 1986 eum
323 1934 463 2006 perhibet,
477 1948 505 1987 ct
518 1934 553 1988 nb
564 1936 671 2006 AEgesto
685 1935 713 1984 in
725 1933 840 1985 Siciliam
853 1932 1006 1986 adductum.
1019 1939 1054 1988 cf.
1067 1939 1102 1991 ib.
1116 1941 1204 1994 Schol.

168 2026 195 2064 et
206 2011 278 2066 Serv.
292 2013 327 2066 ed
338 2018 375 2082 V,
388 2015 430 2085 73.
442 2017 536 2084 ltaque
548 2012 673 2086 Virgilius
687 2013 766 2065 docte
780 2012 900 2084 Elymum
912 2013 1012 2067 ilcestre
1025 2021 1149 2074 comitem
1159 2020 1206 2074 ad-

166 2093 253 2160 junxit
265 2112 289 2144 v.
304 2094 337 2164 73
350 2107 376 2148 et
384 2096 432 2148 int.
447 2095 513 2160 300,
524 2094 584 2147 301.
596 2095 668 2145 conf.
679 2092 771 2145 Silium
783 2093 858 2158 XIV,
871 2092 912 2158 45.
926 2095 969 2160 46.

204 2172 245 2224 Ab
257 2173 309 2226 boc
320 2176 411 2248 Elymo
423 2175 552 2247 populum
565 2173 670 2245 Elymas
679 2175 707 2224 in
719 2171 813 2224 iisdem
829 2175 901 2224 circe
915 2175 1024 2245 Erycem
1035 2189 1062 2228 et
1072 2177 1208 2250 Segestam

168 2252 234 2306 locis
246 2253 365 2326 Thucyd.
373 2258 409 2308 VI
416 2293 425 2318 ‚
438 2273 451 2308 n
462 2255 603 2326 etDionys
613 2256 642 2319 l,
654 2253 686 2306 53
697 2251 807 2304 ductum
817 2271 873 2304 esse
884 2252 1058 2308 tradiderunt.
1070 2259 1210 2330 Antiquio-

168 2334 206 2384 ris
219 2345 307 2386 tomen
320 2334 359 2385 illi
374 2335 456 2387 inisse
473 2335 580 2406 originis
598 2331 737 2396 ridentum
750 2343 780 2383 ut
791 2331 833 2383 rel
854 2331 915 2384 loce
933 2331 1031 2386 (locent
1046 2355 1062 2388 a
1076 2336 1208 2392 Bnebsrto

169 2409 235 2464 Cen.
248 2413 276 2480 1,
288 2414 338 2480 30,
349 2433 376 2485 p.
393 2413 445 2485 569
456 2431 516 2485 sqq.
528 2424 662 2485 congesta.

205 2489 327 2544 Ceterum
338 2493 461 2566 Virgilius
473 2494 554 2546 etiem
567 2495 595 2544 iu
604 2491 657 2544 boc
669 2490 737 2542 libro
751 2490 859 2542 nomine
872 2491 991 2543 virorum
1000 2511 1053 2544 non
1067 2494 1210 2570 indiligen-

170 2580 211 2622 ter
227 2574 323 2642 pertint
337 2591 369 2626 ex
381 2575 497 2626 Homero
509 2573 658 2637 transtulit,
673 2573 772 2643 purtim
784 2589 815 2622 ex
828 2571 954 2624 historiis.
968 2573 1007 2624 lto
1020 2593 1044 2624 r.
1060 2577 1110 2648 298
1122 2575 1210 2632 Solius

170 2663 198 2702 et
209 2651 309 2706 Patron
324 2673 404 2710 cursu
416 2668 526 2708 certant.
543 2653 629 2707 Selius
647 2665 737 2704 eutem
753 2655 835 2704 Arcas
848 2671 908 2704 cum
919 2655 1001 2705 AEnee
1013 2656 1040 2706 in
1052 2656 1155 2710 lteliern
1167 2678 1212 2712 ve-

169 2732 240 2786 nisse
251 2734 392 2790 Polemone
409 2749 517 2790 auctore
532 2734 604 2808 epod
622 2735 729 2786 Festum
746 2735 774 2785 in
791 2732 875 2786 Salios
887 2734 1008 2786 traditur.
1027 2737 1123 2790 Patron
1134 2739 1210 2791 Thu-

168 2812 225 2866 rius
237 2815 264 2867 in
275 2816 408 2870 Aluntinis
422 2819 491 2892 egris
502 2816 630 2870 consedit.
641 2833 667 2866 r.
679 2815 788 2887 Dionys.
799 2817 823 2881 1,
835 2816 877 2868 51.
888 2814 1003 2888 Euryali
1012 2817 1052 2888 (r.
1065 2821 1115 2888 ²94
1129 2833 1154 2872 et
1163 2819 1211 2894 el.)

169 2907 266 2946 numen
279 2914 310 2947 ex
329 2897 443 2950 Homero
462 2899 525 2950 satis
538 2909 646 2960 uotum,
661 2896 730 2946 inter
742 2895 845 2966 pugiles
863 2897 890 2945 in
907 2894 975 2946 ludis
992 2897 1149 2951 funebribus
1161 2901 1211 2954 Pn-

171 2971 259 3024 trocli.
270 2976 305 3025 Ut
316 2989 404 3028 nutem
415 2978 439 3028 ei
451 2975 657 3047 pulchritudinis
669 2973 775 3026 leudem
787 2975 956 3039 attribueret,
969 2978 1089 3046 suspicor
1101 2978 1212 3049 Virgilio

170 3049 199 3099 in
209 3065 323 3105 mentem
332 3056 434 3106 venisse
446 3075 477 3107 ex
489 3074 521 3108 eo
530 3091 538 3118 ‚
547 3053 619 3125 qnod
629 3053 701 3125 Ibyci
712 3055 828 3104 carmine
841 3053 904 3103 olim
914 3055 965 3104 fuit
975 3053 1212 3109 celebratissimum

171 3145 270 3182 numen
296 3133 422 3204 Euryali,
449 3136 525 3203 pueri
548 3135 678 3194 formosi,
700 3147 729 3184 ut
752 3151 784 3185 ex
810 3134 964 3204 fragmentis
986 3133 1142 3206 intelligitur
1166 3153 1210 3208 ep.

172 3207 271 3262 Athen.
282 3211 357 3277 Xlll,
370 3230 396 3281 p.
412 3210 464 3277 564
476 3212 503 3261 F.

208 3289 346 3344 Entellum
361 3304 449 3343 entem
460 3309 486 3340 r.
499 3291 550 3360 387
564 3308 622 3360 sqq.
635 3290 704 3341 inter
714 3290 809 3342 heroos
823 3289 917 3342 Siciliae
926 3291 1048 3344 habitum
1059 3293 1141 3346 fuisse
1150 3331 1158 3360 ,
1168 3291 1213 3347 rel

172 3387 206 3423 ex
217 3369 289 3423 urbis
299 3371 407 3424 Entello
419 3371 526 3422 nomine
538 3373 680 3439 conjectes.
688 3369 711 3420 N
715 3387 757 3421 arn
765 3387 821 3420 mos
833 3385 976 3441 perpetuus
987 3373 1151 3441 antiquitatis
1162 3383 1212 3441 est,

172 3469 207 3503 ex
226 3451 330 3505 urbium
348 3453 500 3506 nominibus
521 3451 673 3503 conditores
691 3449 798 3521 lingere.
823 3451 927 3502 Servius
949 3451 984 3502 ed
1001 3454 1038 3518 V,
1053 3452 1105 3520 389
1122 3475 1127 3503 ι
1146 3453 1214 3506 Sorte

172 3531 307 3583 sciendum
317 3571 325 3598 ,
337 3533 407 3586 hunc
418 3531 585 3604 (Entellum)
598 3529 741 3583 secundum
758 3529 914 3600 Hyginum,
925 3531 972 3602 qui
984 3531 1137 3582 deFemiliis
1151 3535 1215 3586 Tro·

170 3613 244 3681 janis
255 3612 369 3682 scripsit,
385 3632 467 3666 unum
485 3611 657 3684 Trojanorstm
667 3609 769 3682 fuisse,
784 3609 815 3660 de
830 3627 883 3681 quo
898 3608 1023 3682 Virgilius
1034 3619 1119 3660 mutat
1133 3611 1213 3665 ltisto·

175 3692 252 3743 riam.
267 3691 389 3744 Aschot.
403 3693 532 3766 Lycophr.
549 3693 583 3746 etl
595 3711 620 3743 v.
636 3691 688 3761 953
700 3689 763 3742 urbs
776 3689 881 3742 Entella
891 3692 960 3742 inter
971 3689 1049 3742 urbes
1063 3689 1096 3741 ab
1109 3693 1214 3764 AEgesto

175 3770 297 3822 conditos
308 3786 476 3824 memoratur.
487 3775 521 3825 cf.
534 3773 639 3826 Cluver.
653 3771 723 3823 Sicil.
737 3783 790 3822 unt.
805 3789 830 3841 p.
845 3771 894 3840 377
906 3789 980 3842 sqq,
993 3771 1039 3842 qui
1052 3771 1078 3820 iu
1091 3769 1145 3824 Silii
1156 3793 1215 3826 ver-

178 3849 252 3904 sibus
269 3853 342 3917 XIV,
355 3853 419 3918 nol,
436 3853 484 3905 noll
504 3852 680 3906 dilucidandis
692 3850 813 3905 laborat:
827 3849 935 3902 Entello
949 3853 1076 3902 Hectoreo
1089 3850 1215 3906 dilectum

175 3949 274 3984 nomen
285 3930 390 3986 Aceste.
404 3933 456 3986 Sed
468 3937 587 4005 seqnitur
595 3934 672 3986 Silius
685 3936 768 3986 nostri
778 3945 863 4004 poetae
873 3931 967 4001 tidem,
979 3931 1123 3985 secundum
1134 3953 1214 4005 quam

177 4011 298 4064 Entellus
315 4014 384 4067 inter
400 4027 502 4068 ceteros
514 4015 613 4066 Acestes
630 4018 739 4068 comites
755 4028 814 4067 ente
831 4015 918 4066 AEnesc
929 4027 1050 4086 tempora
1062 4015 1089 4065 in
1100 4013 1215 4067 Siciliain

176 4103 303 4162 teneret,
315 4094 393 4167 eique
405 4095 521 4148 amicitie
527 4096 634 4165 junctus
647 4097 741 4150 inerat.
754 4093 853 4169 sepius
862 4097 919 4166 J'nm
929 4095 1096 4164 monuimus,
1106 4093 1216 4150 diversi-
