2956 4680
303 409 365 478 388
623 397 888 465 EXGURSUS
912 399 1011 462 VIII

302 543 394 583 auctor
410 527 552 581 ferebatur.
569 522 593 574 A
607 521 742 594 Telegono
755 520 892 580 eonditum
911 523 1039 576 Preeneste
1054 539 1204 594 nomenque
1224 525 1261 578 ab
1280 527 1350 582 ilice

303 607 409 680 (πρῖνος)
422 607 545 670 ductum,
557 615 719 654 memoratur
735 603 763 653 in
778 613 925 672 personato
942 599 1083 664 Plutarcho
1102 602 1197 656 Parall.
1217 618 1286 659 extr.
1307 609 1352 660 Ita

303 690 373 741 enirn
391 687 519 738 ludebant
530 685 559 736 hi
571 684 690 737 homines
707 683 734 732 in
751 681 911 735 nominibus.
929 681 1013 734 Addit
1032 696 1119 734 temen
1130 682 1211 734 Solio,
1225 704 1249 738 o.
1269 703 1299 750 a,
1316 697 1347 736 ut

303 765 459 818 Proenestint'
469 774 565 815 sonant
577 760 638 813 libri
645 799 654 825 ‚
666 781 682 810 α
697 757 803 812 Coecralo.
816 760 896 812 Plura
909 759 942 812 de
957 761 1085 815 Praeneste
1094 760 1148 813 vid.
1160 761 1233 833 apud
1245 763 1348 818 Cluve-

303 849 389 911 rIum,
401 841 551 895 Sueresium
564 843 591 892 in
604 842 733 892 Praeneste
747 852 799 891 ent.
816 853 841 890 et
854 839 979 910 Vulpium
990 841 1064 892 Tom.
1075 840 1112 891 lx
1123 840 1191 892 Latii
1198 843 1269 912 pref.
1282 844 1344 894 Hoc

304 941 386 974 unum
398 923 502 985 nescio,
518 939 552 972 an
569 919 603 971 ab
616 918 673 970 aliis
686 919 853 970 observatum
867 919 915 984 sit,
928 919 1000 989 quod
1013 921 1176 972 Praenestinis
1187 919 1214 970 b.
1227 913 1248 970 l.¹
1258 920 1344 972 Gabi-

303 1020 368 1068 nos,
379 1001 487 1052 Anienis
499 997 617 1062 accolae,
630 999 757 1050 Hernicos
771 1010 796 1049 et
806 999 929 1050 Amaseni
941 997 1059 1064 accolas,
1072 1015 1119 1050 scu
1128 999 1229 1063 socios,
1241 997 1342 1052 teudi·

303 1083 370 1134 doni
382 1081 513 1149 subjectos
524 1079 646 1149 adjungit
658 1079 742 1129 Maro.

337 1160 376 1211 Ile
387 1161 493 1209 Iunone
507 1158 608 1209 Gabina
620 1176 644 1206 v.
658 1158 707 1210 682
721 1158 749 1208 in
758 1158 827 1207 notis
841 1156 873 1208 ed
887 1176 910 1209 e.
920 1156 937 1207 l.
949 1155 1048 1213 dIctum
1061 1169 1109 1210 est.
1121 1156 1201 1224 Quod
1212 1175 1275 1210 arua
1285 1159 1341 1210 Ju-

304 1240 377 1290 nonis
390 1237 498 1288 Gabino
511 1249 654 1300 memoret,
667 1237 716 1287 etsi
728 1254 760 1288 ee
772 1247 835 1286 nota
847 1248 886 1286 est
899 1247 1038 1306 poetarum
1050 1237 1078 1286 in
1090 1234 1259 1307 designandis
1268 1235 1343 1288 urbi-

302 1319 352 1370 bus
363 1319 447 1382 ratio,
460 1330 547 1370 temen
559 1316 587 1367 id
596 1315 707 1388 provide
719 1316 813 1368 fecisse
825 1314 909 1366 videri
921 1329 1024 1385 potest,
1037 1317 1162 1386 quoniam
1172 1316 1217 1367 lib.
1228 1317 1274 1380 VI,
1285 1315 1340 1385 773

303 1397 366 1468 (ubi
378 1396 430 1448 vid.
444 1397 523 1468 Not.)
544 1396 638 1448 Gabios
650 1397 718 1447 inter
734 1395 829 1460 urbes,
843 1413 900 1468 quse
918 1396 963 1448 illo
981 1409 1099 1466 tempore
1116 1396 1233 1448 nondum
1245 1407 1342 1460 erent,

305 1490 507 1530 memoraverat.
520 1476 644 1528 Ceterum
658 1478 735 1527 etiam
747 1475 838 1526 Gabiis
849 1477 923 1548 origo
936 1476 1026 1527 Graece
1036 1475 1182 1548 adscripta,
1194 1487 1343 1536 nemetum·

306 1574 356 1626 que
370 1568 423 1622 est,
436 1575 492 1607 eam
504 1554 571 1607 adeo
581 1554 679 1606 Grecis
690 1554 772 1606 literis
784 1553 920 1620 floruisse,
933 1567 962 1604 ut
973 1556 1052 1606 etiem
1063 1555 1191 1608 Romulus
1205 1567 1231 1606 et
1243 1555 1340 1606 Remus

304 1633 408 1686 liberali
426 1632 565 1705 disciplina
583 1632 718 1684 imbuendi
732 1651 763 1684 eo
778 1635 951 1686 mitterentur.
973 1632 1026 1688 vid.
1044 1631 1176 1685 Plutarch.
1189 1634 1215 1684 in
1227 1631 1342 1684 Romulo

305 1733 332 1786 p.
348 1731 389 1766 20.
402 1713 435 1764 D.
447 1714 522 1763 Tom.
536 1715 555 1762 I.
569 1711 611 1764 ed.
624 1713 677 1762 Fri.
692 1725 717 1763 et
727 1713 784 1764 Par.
797 1713 905 1784 Dionys.
919 1711 965 1764 lib.
978 1714 1000 1778 1,
1008 1731 1029 1764 c.
1044 1713 1086 1780 843
1099 1727 1126 1764 et
1136 1715 1240 1764 Festum
1252 1715 1278 1764 in
1287 1711 1342 1762 tto-

307 1814 351 1846 ma
360 1832 369 1859 ,
383 1811 414 1844 ex
427 1792 519 1844 Diocle
530 1789 696 1863 Peparetltio.
709 1789 787 1858 Quod
801 1793 849 1842 etsi
859 1791 980 1844 fabulose
991 1790 1116 1844 traditum
1125 1791 1243 1856 videtur,
1253 1795 1342 1844 June-

304 1874 344 1924 nt's
355 1885 441 1923 temen
455 1871 559 1942 Arpivoe
570 1873 598 1922 in
610 1889 668 1921 eam
681 1870 773 1922 urbem
786 1882 894 1940 recepte
905 1889 982 1922 secra
991 1868 1110 1941 Pelasgos
1123 1869 1267 1939 diquendo
1279 1887 1342 1920 cum

305 1951 507 2024 Aboriginibus.
521 1949 573 2000 hoc
586 1962 641 2016 est,
654 1967 713 1999 cum
730 1950 865 2000 Ausonum
879 1949 977 2018 stirpe,
989 1966 1046 2000 eam
1058 1947 1221 2000 inhabitasse
1232 1966 1341 2020 arguere

305 2043 432 2102 possunt:
448 2032 498 2082 nisi
518 2029 629 2081 alterum
649 2029 725 2098 sequi
741 2027 833 2092 melis,
846 2028 929 2080 serius
946 2045 1044 2080 numen
1062 2027 1172 2097 sliquod
1186 2031 1300 2098 patrium
1310 2030 1341 2079 itt

305 2111 417 2164 Iunonis
430 2129 526 2162 nomen
540 2111 622 2160 fuisse
635 2107 799 2161 translatum.

340 2192 521 2258 I'raencstinis,
532 2203 560 2242 ut
568 2191 622 2259 jam
635 2190 799 2252 monuimus,
812 2186 939 2258 Virgilius
950 2183 1069 2258 adjungit
1080 2199 1177 2258 preter
1187 2187 1303 2240 Gabinos
1314 2199 1343 2240 et

305 2272 413 2324 Anienis
423 2271 544 2334 accolas,
558 2269 697 2333 Hernicos,
707 2280 733 2320 et
741 2265 829 2320 addit:
843 2284 920 2338 quos,
932 2265 999 2318 dives
1008 2267 1131 2338 Anagnia
1138 2269 1249 2338 ,pascis,
1262 2269 1342 2339 Quos-

305 2371 370 2418 que,
383 2351 510 2402 Amasene
520 2359 611 2419 pnter,
623 2349 718 2419 poscis.
732 2349 853 2418 Anagnia
869 2358 950 2417 ceput
963 2347 1136 2400 Hernicorum
1149 2347 1236 2400 adbuc
1247 2361 1343 2402 notum

306 2429 437 2501 oppidum
450 2441 497 2480 est.
511 2428 651 2478 Enimvero
670 2429 697 2476 in
713 2428 845 2478 Amasene
866 2424 962 2492 fluvio,
982 2427 1028 2496 qui
1045 2425 1136 2496 paullo
1154 2427 1223 2478 ultre
1243 2426 1341 2482 seuam

306 2520 425 2572 exortus,
438 2509 590 2558 Privernum
600 2519 816 2576 pretergressus,
828 2525 875 2578 per
885 2505 1041 2558 Volscorum
1053 2505 1117 2558 lines
1130 2505 1201 2577 apud
1213 2505 1340 2560 Cireaeum

304 2589 331 2637 in
347 2603 418 2636 mere
437 2585 502 2648 exit,
521 2583 603 2635 heret
618 2583 755 2636 Cluverius
768 2583 824 2634 Itel.
839 2598 892 2638 ent.
905 2603 932 2656 p.
945 2583 1089 2654 981,dum
1102 2584 1136 2639 ed
1152 2586 1279 2641 Hernicos
1290 2586 1339 2638 de-

305 2662 452 2736 signandos
467 2681 527 2714 eum
544 2681 559 2714 a
577 2677 657 2734 poete
677 2665 818 2726 memorari
837 2664 994 2716 arbitretur:
1008 2665 1075 2716 inter
1094 2666 1240 2736 Anagniam
1255 2667 1339 2732 enim,

305 2743 479 2795 Hernicorum
492 2740 601 2807 urbem,
614 2755 640 2794 et
652 2743 826 2808 Amasenum,
838 2745 989 2814 interjectos
1002 2761 1058 2795 esse
1066 2743 1339 2814 SigninosetSetinos.

304 2822 356 2877 Sed
366 2823 444 2872 sumit
456 2823 495 2871 vir
507 2821 615 2888 doctus,
626 2821 699 2893 quod
709 2833 791 2893 poeta
800 2841 853 2877 non
864 2821 924 2885 dat;
936 2841 991 2874 non
1001 2824 1072 2876 enim
1078 2822 1123 2876 ille
1132 2824 1253 2876 Ameseni
1263 2841 1341 2874 acco-

305 2905 344 2958 let
353 2903 471 2954 Hernicis
481 2917 647 2968 annumerat,
657 2901 704 2956 sed
714 2921 833 2957 unacum
846 2905 964 2956 Hernicis
974 2921 1020 2956 eos
1030 2904 1202 2967 Prtenestinis,
1211 2915 1340 2972 tauquam

305 2983 369 3036 belli
381 2983 481 3048 socios,
495 2983 544 3036 sub
555 2982 646 3037 iisdem
660 2985 740 3056 signis
750 2982 918 3048 incedentes,
929 2983 1056 3055 adjungit.

338 3063 391 3114 Alii
406 3062 571 3116 adnotationi
580 3063 669 3118 locum
681 3064 744 3116 tacit
755 3063 906 3116 Macrobius
916 3063 969 3116 Sat.
981 3064 1019 3129 V,
1037 3064 1082 3128 rs,
1096 3065 1178 3134 quiin
1187 3079 1267 3116 rerss.
1275 3062 1338 3132 589.

304 3143 370 3212 690,
381 3141 426 3194 ubi
442 3143 548 3194 Hernici
559 3163 618 3196 cum
629 3144 706 3196 sociis
720 3142 825 3214 vestigia
838 3143 908 3194 nuda
924 3142 1023 3196 sinistri
1034 3143 1173 3196 Instituere
1182 3142 1269 3213 pedes,-
1283 3159 1341 3195 cnt-

305 3223 352 3274 dus
364 3217 428 3294 tegit
438 3220 519 3274 altera
530 3241 592 3295 pero
599 3263 607 3288 ,
620 3223 774 3293 Euripidem
786 3225 814 3276 in
825 3223 975 3295 Meleagro,
989 3222 1059 3276 unde
1071 3241 1162 3276 tersus
1173 3240 1278 3293 quoque
1291 3220 1341 3274 ed-

304 3302 425 3371 scripsit‚
439 3329 472 3338 -—
483 3296 514 3350 ro*
525 3297 587 3352 neiis
602 3301 661 3366 ἴχνος
672 3299 795 3370 dsdpssuuu
810 3297 891 3362 nudie,
907 3302 913 3370 Ι
927 3297 968 3354 Te'v
980 3301 1004 3350 θ’
1019 3301 1040 3353 s't
1051 3303 1165 3362 estber,
1180 3299 1208 3357 eie
1221 3299 1340 3366 impilm

304 3378 359 3447 pitu
375 3379 476 3448 ΙἛχοιιυ
487 3411 521 3419 -
533 3382 643 3454 Virgilio
661 3395 721 3434 ente
740 3379 831 3434 oculos
850 3383 931 3434 fuisse
948 3382 1097 3446 contendit,
1116 3394 1143 3436 et
1158 3393 1244 3452 poete
1260 3379 1339 3448 hujus

305 3458 504 3514 occultt'sst'mam
515 3459 680 3533 diligentiam
694 3461 754 3514 inde
765 3463 865 3534 arguit,
882 3461 954 3534 quod
961 3462 995 3516 sb
1005 3461 1098 3514 AEtolis
1105 3461 1158 3514 ltoc
1168 3460 1202 3514 ed
1212 3461 1340 3514 nomicos

305 3538 449 3600 transtulit,
463 3541 508 3609 qui
520 3539 654 3612 Pelasgica
670 3543 751 3611 stirpe
764 3542 814 3590 orti
827 3540 859 3594 eb
877 3542 978 3612 Hygino
994 3539 1149 3606 traduntur,
1168 3556 1249 3608 eque
1261 3539 1341 3590 etiem

305 3618 386 3671 AEtoli
396 3619 522 3688 originem
532 3619 675 3672 hebebant.
686 3621 770 3678 Locus
784 3634 825 3672 est
835 3622 898 3672 satis
908 3622 1045 3692 copiosus;
1059 3618 1106 3672 sed
1116 3631 1200 3674 totum
1208 3617 1342 3668 Macrobii

306 3715 431 3757 acumen,
444 3708 472 3745 ut
487 3714 518 3746 ex
531 3700 618 3748 animo
631 3697 734 3763 dicam,
745 3699 843 3752 idoneo
855 3699 939 3752 fundo
952 3712 1032 3752 caret.
1047 3699 1184 3770 Virgilium
1196 3715 1253 3750 cum
1265 3695 1340 3746 Jnlie

305 3777 408 3846 Hygino
418 3776 546 3828 Hernicos
557 3777 589 3830 ab
598 3782 729 3842 Hernico,
741 3779 808 3831 duce
816 3780 941 3852 Pelesgo,
954 3779 1065 3848 ducere,
1077 3797 1205 3850 nusquam
1216 3789 1340 3848 epperet.

305 3853 332 3904 Si
349 3867 435 3905 tamen
449 3854 577 3922 duxisset,
590 3861 666 3909 nimis
678 3859 756 3930 longe
772 3861 856 3930 petita
866 3879 908 3913 res
922 3873 993 3928 eret,
1006 3873 1149 3932 propterea
1161 3856 1234 3929 quod
1245 3856 1280 3918 ub
1292 3857 1341 3908 Ρο-

304 3931 384 4002 lasgis
397 3934 475 3985 AEtoli
488 3954 593 4008 quoque
608 3939 714 3991 oriundi
726 3952 817 4005 erent,
834 3943 976 3994 transferre
994 3939 1029 3994 ed
1042 3943 1184 4003 Hernicos,
1206 3939 1251 4008 qui
1270 3933 1337 3987 nihil

305 4028 365 4061 cum
378 4007 468 4060 AEtolis
478 4031 616 4070 commune
625 4015 738 4082 babent,
750 4038 797 4082 eu,
810 4036 868 4088 quer
880 4019 913 4072 de
923 4019 1014 4072 AEtolis
1027 4030 1132 4071 nerreta
1143 4028 1211 4068 sunt.
1225 4011 1274 4066 Sed
1287 4029 1339 4064 nee

304 4087 427 4162 Virgilius
442 4089 561 4146 Hernicis
580 4095 607 4146 id
625 4098 757 4168 precipue
774 4097 881 4165 tribuit,
901 4113 929 4151 ut
946 4117 999 4154 uno
1018 4097 1087 4170 pede
1106 4097 1223 4150 calceato
1229 4131 1238 4157 ,
1252 4091 1337 4146 sltem

1460 1873 1469 2056 l
