2996 4694
279 435 297 476 2
525 411 558 471 P.
582 407 814 474 VIRGlLll
836 409 1066 476 MARONIS
1145 477 1150 490 ,

277 553 388 606 nurus,
407 534 438 591 in
454 545 540 591 tanta
555 533 720 592 securitate
735 552 846 591 somno
861 532 1081 608 succumbens,
1096 554 1158 592 una
1173 553 1244 594 curn
1258 555 1313 615 gu·

275 618 443 680 bernaculo
456 621 487 678 in
500 639 585 678 mare
597 623 767 694 excutitur3
782 619 911 702 ejusque
922 623 1022 682 vicem
1032 620 1157 703 supplet
1168 623 1285 683 AEneas.

310 821 361 872 Pro
380 821 505 894 ¹episodio
532 819 683 874 habendam
713 840 769 874 esse

274 903 401 969 majorem
417 900 479 952 libri
491 913 608 971 partem,
621 904 711 972 negari
723 920 771 954 ne-

275 981 350 1049 quit,
373 998 422 1032 nec
447 993 535 1031 tamen
556 979 590 1030 ab
614 993 769 1052 argumento

274 1062 351 1130 epico
365 1057 430 1111 illud
443 1062 603 1130 sejunctum,
622 1073 660 1126 et,
683 1079 740 1132 quae
753 1080 770 1112 a

272 1139 580 1211 niultisfrequentataest
588 1139 767 1210 reprehensio,

273 1218 388 1272 alienum
409 1219 571 1272 habendum.
592 1221 678 1271 Primo
699 1220 768 1272 libro

257 1299 323 1351 'iter
335 1317 366 1350 ex
378 1297 467 1348 Sicilia
479 1300 506 1348 in
527 1297 631 1347 ltaliam
653 1297 769 1348 faciebat

271 1379 383 1436 AEneas3
407 1377 520 1443 rejectus
541 1391 651 1425 acursu
673 1393 720 1425 suo
742 1377 770 1425 in

271 1455 390 1506 Africam
406 1471 477 1504 nunc
493 1452 606 1504 eandem
622 1454 770 1524 navigatio-

271 1553 333 1587 nem
345 1534 456 1603 repetit,
470 1545 496 1584 et
514 1535 623 1601 jamjam
636 1532 671 1583 ad
689 1532 769 1584 ltaliae

271 1615 351 1666 litora
365 1612 540 1685 appulsorum
558 1630 692 1665 comesse
710 1631 771 1684 spe·

271 1694 358 1745 rubas.
373 1691 450 1742 'Ecce
472 1692 520 1744 tibi
543 1709 613 1743 nova
633 1693 672 1744 rei
695 1709 771 1742 mora

272 1774 401 1842 injicitur!
414 1773 510 1822 iterum
530 1773 616 1823 ventis
629 1773 770 1824 contrariis

273 1871 289 1904 a
305 1869 383 1904 cursu
398 1851 525 1922 depulsus
539 1852 566 1901 in
586 1851 702 1902 Siciliam
723 1850 770 1902 de-

271 1933 364 1984 fertur.
386 1933 471 1984 Multa
494 1933 602 1984 omnino
625 1932 653 1982 in
680 1929 769 1984 Sicilia

181 2051 184 2058 -
271 2025 347 2064 erant
358 2013 534 2082 Trojanorum
548 2024 574 2062 et
585 2011 672 2062 AEneae
690 2012 770 2061 vesti-

271 2093 314 2162 gia
320 2129 330 2156 ,
339 2104 368 2142 ut
379 2093 405 2142 in
418 2091 536 2142 Excursu
545 2091 682 2141 monitum.
696 2088 769 2140 Clas·

271 2175 306 2224 sis
320 2193 335 2224 a
346 2171 469 2242 Trojanis
481 2170 636 2224 mulieribus
650 2171 767 2236 incensa,

270 2252 363 2304 fabula
395 2264 452 2304 erat
479 2251 582 2323 vulgari
615 2252 768 2306 narratione

270 2335 341 2384 trita.
355 2333 416 2382 Non
426 2334 507 2402 igitur
516 2331 600 2382 otiose
610 2329 730 2382 desidere
740 2331 768 2382 in

270 2411 360 2462 Sicilia
369 2423 475 2480 poterat
485 2410 593 2472 AEneas,
602 2427 651 2460 nec
659 2411 768 2462 incense

271 2490 363 2543 classis
390 2491 532 2541 memorari
555 2490 606 2540 nisi
634 2489 769 2558 probabili

271 2567 418 2639 aliqua·de
439 2570 552 2620 ratione.
572 2567 664 2636 ltaque
687 2579 768 2635 poeta

270 2647 397 2719 preclare
404 2665 436 2700 eo
442 2665 498 2698 rem
504 2644 626 2709 adducit,
638 2646 767 2696 utAEneas

270 2729 342 2800 patri
353 2728 462 2780 inferias
484 2726 579 2788 faciat,
592 2723 670 2774 ludos
689 2725 769 2774 fune·

271 2808 332 2859 bres
346 2807 479 2872 instituat,
490 2804 573 2856 classe
585 2805 695 2854 incensa
704 2821 769 2873 par·

262 2899 325 2938 -tem
338 2887 464 2937 comitum
482 2883 601 2954 deponat
621 2885 649 2933 in
668 2880 768 2947 insula,

271 2977 297 3018 et
307 2965 372 3016 urbe
383 2981 453 3014 nova
465 2961 573 3014 condita
585 2979 645 3012 cum
659 2961 768 3032 reliquis

271 3043 400 3097 discedat.
415 3043 536 3115 Agnosce
555 3053 640 3112 poetae
653 3043 707 3093 sive
726 3043 770 3091 in-

270 3125 392 3197 genium,
410 3125 464 3175 sivo
473 3122 603 3192 judicium
621 3133 647 3173 et
658 3123 686 3172 in
697 3121 768 3173 hoc:

271 3205 336 3258 dum
349 3203 474 3256 ludorum
491 3204 620 3254 festivitas
631 3204 703 3252 viros
720 3201 769 3254 de·

270 3281 770 3349 tinet,naviuroincendendarumtem·

270 3382 321 3436 pus
334 3382 366 3416 ac
378 3362 506 3429 facultas,
520 3379 578 3431 qua
590 3360 657 3414 elias
669 3363 711 3412 vix
723 3380 770 3414 oc·

272 3463 377 3498 currere
405 3454 527 3513 poterat,
558 3440 685 3506 feminis,
710 3460 768 3512 quaa

272 3522 334 3572 solae
342 3520 439 3574 relictae
447 3533 522 3584 sunt,
531 3519 594 3572 data
601 3531 648 3571 est.
659 3519 769 3574 AEneam

273 3611 362 3652 autem
375 3615 457 3668 quum
468 3603 567 3672 pietate
576 3613 629 3652 tam
639 3601 769 3671 insignem

273 3695 330 3728 esse
343 3675 404 3726 velit
421 3691 513 3746 poeta,
528 3677 594 3750 quid
610 3680 693 3750 magis
705 3697 770 3728 con·

273 3767 444 3818 teutaneuni,
458 3773 537 3825 quam
546 3759 605 3807 ntis
618 3757 701 3826 patris
713 3757 769 3806 Ma·

272 3833 770 3905 nibussacrascrcrimoniaspersolvat?

273 3916 303 3966 ln
322 3911 447 3964 ludorum
478 3911 673 3986 descriptione,
696 3911 769 3983 quod

274 4013 362 4045 rerum
374 4009 456 4064 gentis
473 3993 581 4043 omnino
600 3991 711 4045 multum
724 4009 768 4042 or-

275 4086 353 4126 natus
366 4071 495 4136 admittit,
507 4069 586 4126 facile
599 4087 638 4128 est
648 4071 682 4127 ad
694 4072 770 4126 iutel-

818 823 977 895 ligendum,
1005 826 1133 892 majorem
1160 819 1312 884 veteribus,

818 904 914 973 quibus
922 915 1002 976 poeta
1010 921 1086 972 suum
1094 919 1158 972 epos
1168 897 1311 972 pangebat,

818 985 1078 1054 suavitatem,quatn
1087 999 1158 1031 nunc
1165 978 1242 1030 uobis
1251 975 1311 1028 inde

817 1064 957 1132 provenire
967 1073 1067 1132 potest,
1077 1061 1158 1110 fuisse
1171 1057 1311 1125 objectam.

817 1143 940 1212 inprimis
954 1160 1017 1194 vero
1028 1139 1106 1192 ludus
1118 1139 1203 1206 Trojae
1214 1137 1314 1186 Roma-

817 1239 866 1274 nos
876 1222 988 1276 lectores
999 1220 1130 1273 delectare
1140 1215 1240 1268 debuit.
1254 1212 1315 1266 Alia

817 1299 896 1369 hujus
909 1300 1093 1371 descriptionis
1112 1296 1241 1357 suavitas,
1255 1307 1313 1362 quae

819 1392 907 1432 tamen
922 1383 1001 1432 etiam
1012 1379 1090 1430 nobis
1102 1387 1197 1447 parata
1212 1385 1238 1426 et
1251 1390 1314 1442 cog-

818 1461 875 1508 nitu
887 1457 973 1530 facilis
988 1469 1041 1520 est,
1058 1474 1090 1507 ex
1101 1455 1241 1505 Homerica
1253 1453 1313 1502 imi-

818 1538 919 1588 tatione
932 1534 1125 1606 proficiscitur,
1143 1533 1189 1600 qui
1204 1530 1281 1581 Iliad.
1293 1531 1314 1596 ψ

818 1615 933 1666 Patrocli
951 1616 1031 1665 funus
1043 1625 1069 1664 et
1086 1611 1164 1662 ludos
1177 1607 1256 1660 simili
1267 1626 1314 1660 co·

817 1698 865 1766 pia
893 1694 1040 1763 descripsit.
1077 1693 1194 1744 ‘fantum
1225 1699 1314 1740 autent

819 1775 908 1843 abest,
920 1786 949 1825 ut
965 1773 1105 1836 Romanis,
1127 1769 1238 1841 quihus,
1259 1785 1314 1818 non

818 1855 910 1920 nobis,
921 1853 1055 1906 scribebat
1069 1864 1159 1924 poeta,
1168 1863 1213 1902 aut
1222 1849 1315 1902 infrin-

817 1954 879 2006 gerc
889 1933 1109 1998 delectationem,
1125 1943 1171 1984 aut
1189 1927 1313 1982 carminis

818 2013 973 2086 dignitatem
986 2011 1089 2063 elevare
1101 2009 1236 2061 videretur
1254 2005 1315 2058 talis

817 2094 944 2154 imitatio,
970 2103 999 2141 ut
1022 2091 1125 2160 potius,
1147 2089 1254 2159 ingenio
1283 2103 1314 2138 ac

818 2191 896 2226 sensu
907 2170 1015 2224 illorum
1028 2183 1176 2241 temporum
1191 2178 1217 2218 et
1229 2165 1316 2216 homi-

817 2271 894 2318 nnm,
914 2252 942 2304 id
961 2249 1034 2322 quod
1055 2263 1126 2301 totns
1142 2245 1267 2319 Virgilius
1288 2257 1315 2295 et

817 2333 942 2384 Horatius
951 2331 1063 2395 docent,
1073 2329 1140 2381 nibil
1148 2323 1316 2398 magnificen-

817 2414 869 2463 tius
880 2431 911 2464 ac
921 2409 1086 2482 splendidius
1097 2410 1177 2460 fuerit
1193 2408 1277 2458 visum
1287 2406 1315 2456 in

817 2505 911 2560 poeta,
927 2509 1007 2561 quam
1018 2490 1041 2540 si
1052 2487 1204 2540 Graecorum
1222 2497 1315 2556 poeta-

817 2587 876 2620 rum
887 2569 948 2620 loca
966 2581 992 2620 et
1010 2569 1118 2618 inventa
1135 2563 1275 2616 commode
1288 2577 1315 2614 et

818 2648 954 2718 ingeniose
970 2649 999 2698 in
1017 2665 1067 2698 sua
1085 2646 1204 2698 carmina
1228 2655 1314 2696 trans·

817 2728 909 2780 ferret.

852 2804 904 2858 Sed
915 2818 945 2857 nt
957 2805 1128 2858 delectationi
1144 2803 1171 2854 in
1183 2802 1235 2854 hoc
1245 2801 1314 2853 libro

816 2905 865 2956 per
902 2886 1078 2939 certaminum
1108 2883 1314 2953 descriptionem

817 2976 957 3035 tantopere
966 2963 1097 3029 studeret,
1109 2973 1216 3033 poetam
1228 2977 1316 3012 move·

819 3063 847 3096 re
860 3046 940 3096 etiarn
952 3044 1040 3116 potuit
1052 3041 1200 3115 argumenti
1217 3037 1315 3091 sterili-

818 3135 872 3188 tas,
881 3126 908 3175 in
915 3141 946 3177 ea
956 3136 1045 3176 tamen
1054 3123 1215 3174 narrationis
1227 3131 1313 3190 parte,

819 3204 917 3276 quaed
928 3207 1027 3264 exitum
1038 3205 1181 3256 festinabat
1194 3201 1253 3262 illa,
1262 3199 1315 3250 hoc

818 3297 873 3352 est,
885 3283 919 3338 ad
931 3285 1033 3338 ltaliam
1047 3283 1210 3356 procedebat
1219 3277 1314 3343 Troja-

818 3385 914 3420 norum
923 3365 1023 3418 classis.
1036 3365 1170 3418 iudicium
1181 3365 1268 3426 poetar
1286 3355 1313 3404 in

816 3445 869 3498 boc
890 3464 997 3518 quoque
1018 3441 1125 3512 agnovit
1150 3434 1313 3508 Segraisius,
1339 3480 1343 3491 ,

818 3524 892 3596 quod
903 3519 1063 3594 gravissimis
1076 3515 1236 3580 affectibus,
1254 3513 1314 3585 qui·

816 3601 868 3654 bus
883 3602 951 3652 libro
968 3609 1063 3668 quarto
1080 3596 1191 3668 legentis
1210 3596 1313 3646 unimus

819 3679 985 3750 agitabatur,
997 3693 1068 3726 nunc
1077 3674 1195 3726 succedit
1202 3672 1313 3726 hilarior

817 3777 905 3810 rerum
914 3757 1014 3821 facies,
1031 3755 1156 3808 ludorum
1168 3753 1312 3815 festivitas,

817 3837 991 3890 certaminum
1012 3848 1120 3886 eventus
1140 3851 1171 3885 ac
1188 3833 1312 3902 prumia-

815 3925 876 3966 rum
884 3917 1008 3968 amintas.

851 3993 887 4043 Ut
908 4005 995 4045 autem
1016 3995 1044 4044 in
1060 3986 1184 4046 ludor'um
1203 3992 1312 4044 omnino

817 4073 1006 4145 cogitationem
1026 4071 1155 4126 incideret
1175 4083 1260 4142 poete
1273 4071 1313 4122 in·
