2968 4696
432 409 665 480 AENEIDOS
688 413 844 478 LIBER
866 415 952 480 vlt.
1147 419 1208 486 323

177 538 360 628 Belligione
372 559 488 617 sacrm,
501 553 535 602 et
546 536 622 602 saevi
635 534 811 602 formidine
822 539 954 602 Martis:

178 647 318 710 Centum
330 645 405 710 aerei
417 641 575 710 claudunt
586 657 710 721 vectes,
724 655 916 732 aeternnque·
923 643 1000 707 ferri

177 751 323 830 Robora,
336 773 397 815 nec
409 763 519 814 custos
530 746 657 814 obsistit
667 748 780 812 limine
792 749 904 812 lenus.
1168 767 1214 812 σι..

179 858 260 936 Has,
274 856 332 920 ubi
344 872 431 921 certa
443 853 535 920 sedet
547 853 694 942 patribus
706 855 867 918 sententia
877 875 1010 942 pugne,

179 962 269 1050 lpse,
282 959 441 1044 Quirinali
453 959 579 1038 trebes,
592 959 769 1048 cinctuque
781 958 909 1024 Gabino

179 1067 334 1155 Insignis,
347 1081 470 1131 reserat
481 1064 650 1130 stridentis
663 1065 776 1128 limine
787 1065 925 1143 Consul3

178 1174 253 1261 lpse
265 1187 360 1239 vocat
370 1191 513 1260 pugnas3
525 1171 675 1260 seqnitur
686 1185 756 1234 tum
769 1185 877 1234 cetera
888 1168 1008 1258 pubes,

176 1371 220 1404 nus
231 1355 373 1419 designetur.
384 1357 458 1401 Jonas
470 1357 580 1402 cennas
588 1369 648 1418 ssrpe
660 1365 802 1402 memoratur
814 1369 820 1400 :
836 1369 866 1400 an
877 1369 976 1422 mquam
989 1339 1096 1402 Gentimis
1106 1357 1181 1404 solum
1193 1371 1217 1406 et

178 1425 297 1481 absolute,
313 1427 395 1472 merito
411 1425 511 1471 dubites.
526 1422 591 1470 ldem
604 1422 680 1469 multo
693 1425 762 1470 etiam
778 1423 860 1470 durius
873 1441 887 1469 e
903 1425 1021 1469 Prisciaoo
1037 1427 1159 1473 contendit
1170 1443 1216 1473 uua

178 1511 237 1543 voce
246 1496 396 1544 scribendum
404 1511 454 1544 esse
462 1495 604 1560 ledportot
613 1497 656 1542 etsi
666 1508 747 1541 venam
759 1507 806 1552 est,
815 1497 893 1557 ipsura
902 1495 1014 1557 templum
1024 1511 1066 1558 per
1075 1497 1155 1544 Portos
1163 1497 1220 1544 Belli

177 1567 250 1614 fuisse
261 1567 416 1624 declaratum
427 1581 476 1616 erat
484 1570 546 1614 enim
554 1564 651 1630 δίθυρον,
663 1579 686 1612 et
696 1578 786 1630 portam
796 1569 820 1612 in
828 1568 918 1630 postico
927 1582 1022 1630 quoque
1031 1567 1145 1626 habebam
1155 1571 1217 1616 conl.

176 1635 293 1684 Plutarch.
302 1639 376 1685 Numa
383 1656 407 1702 p.
415 1640 453 1702 73.
466 1637 524 1685 seut
531 1655 573 1701 per
582 1635 735 1702 majusculam
746 1637 837 1684 literam
847 1637 988 1684 exarandum
1000 1651 1041 1685 est.
1051 1641 1089 1686 list
1099 1643 1161 1687 enim
1171 1643 1219 1688 Nu-

179 1723 234 1754 men
245 1709 268 1755 b.
282 1708 298 1754 l.
310 1710 341 1755 cl.
354 1711 408 1757 Not.
417 1736 449 1746 -
457 1709 511 1756 608.
520 1719 543 1755 et
551 1709 616 1756 abest
627 1711 709 1754 Frauc.
717 1707 790 1772 form
805 1706 868 1754 Belli.
881 1707 986 1754 Part-bas.
999 1733 1031 1746 ·-
1042 1709 1096 1772 609.
1111 1721 1218 1758 extem

177 1793 222 1842 que
229 1777 332 1825 Parthas.
340 1779 431 1825 -brr¹
440 1779 496 1826 Hoec
505 1778 592 1826 Medic.
603 1794 656 1824 am.
670 1793 729 1835 seo,
741 1779 888 1828 utrelerator
899 1779 929 1824 sd
941 1776 1029 1834 limina,
1043 1779 1218 1843 interpolatum.

177 1874 209 1886 ·-
219 1849 273 1896 612.
281 1853 395 1914 coactoque
403 1849 500 1898 Mentel.
513 1867 548 1913 pr.
560 1853 690 1914 titulusque
698 1850 792 1912 Menag.
802 1867 838 1914 pr.
850 1862 873 1896 et
883 1849 953 1896 Goth.
964 1862 1017 1896 tert.
1030 1851 1115 1898 Similis
1124 1854 1221 1898 variatio

177 1919 229 1966 biv.
242 1921 271 1976 V,
284 1921 313 1978 46
325 1938 362 1983 pr.
373 1921 454 1968 &bino
463 1921 571 1986 plerique
581 1938 618 1985 sp.
628 1921 689 1967 Pier.
705 1934 730 1968 et
738 1923 813 1984 Rigor.
823 1939 836 1968 a
846 1937 877 1966 m.
889 1937 936 1969 sec.
946 1921 1039 1969 -613.
1052 1923 1155 1968 stridenti
1165 1921 1223 1968 limi·

178 2005 215 2036 ns.
226 1994 288 2054 conj.
300 1995 392 2048 burm,
406 2008 537 2056 perperam.
550 1991 603 2047 lios,
620 2001 662 2039 str.
675 1991 764 2048 limina,
781 1995 925 2056 supposito
939 1993 1004 2040 dizit.
1020 1995 1067 2040 Etsi
1078 2006 1223 2056 precesserat

178 2080 201 2109 v.
212 2063 265 2110 6¹0.
278 2063 359 2111 braine.
376 2065 479 2112 Deberet
491 2079 539 2112 esse
548 2067 661 2127 scriptum
672 2065 776 2110 stridenti
785 2065 891 2110 cardian:
904 2082 984 2112 rerum
997 2065 1042 2112 hoc
1052 2079 1085 2112 est
1094 2079 1186 2128 poetam
1198 2069 1223 2112 in

178 2133 286 2180 ordinem
298 2151 395 2198 cogere,
413 2150 462 2181 noo
478 2135 529 2197 ejus
544 2135 671 2181 lectionem
680 2138 812 2182 restituere.
822 2161 854 2171 -
862 2135 916 2192 ort.
928 2152 980 2182 caua
995 2138 1043 2182 duo
1054 2138 1179 2184 Brumanm

178 2287 233 2340 rid
253 2289 360 2342 Eanum.
380 2291 427 2342 tx.
446 2291 592 2346 conum
607 2309 680 2342 oon·
726 2290 1224 2358 Quotiesbellumsseoatudsoretum

164 2381 166 2388 ⁴
180 2380 269 2420 mento
281 2371 405 2422 Horatius
417 2371 515 2422 lanum
525 2369 623 2421 eleusis
636 2371 678 2420 fo·
727 2370 821 2434 fuerit,
844 2369 987 2422 Consulem
1010 2371 1082 2422 fores
1104 2373 1223 2441 aperire,

179 2446 253 2499 sibus
268 2449 509 2513 siteobiberi,tsn
530 2449 677 2518 narn-poris
726 2445 826 2498 bellum
853 2445 985 2513 indicere,
1013 2448 1152 2501 classicum
1180 2468 1225 2500 ea-

180 2540 319 2580 snetorem
328 2541 355 2580 et
365 2464 537 2580 custodemll
551 2525 635 2598 Epist.
650 2514 680 2592 ιζ
726 2539 798 2577 nere.

182 2605 232 2658 255
243 2605 408 2680 stannoque
414 2607 544 2660 cristodem
554 2606 629 2677 pacis
637 2621 679 2656 eo-
762 2603 813 2656 611
823 2601 1101 2678 —615.Hasportss,
1112 2609 1223 2661 striden-

183 2685 299 2737 libentia
320 2687 429 2738 Ianum.
459 2686 554 2737 Pacem
578 2682 679 2735 includi
728 2681 765 2732 tia
778 2679 1001 2748 limina,resorot
1010 2683 1110 2738 Consul
1119 2687 1225 2740 trabea-

180 2763 453 2817 diaerealii.eonf.l.
472 2761 678 2816 emitterem
729 2775 778 2813 t'tts.
805 2759 910 2814 Trabea
940 2763 1107 2833 Quirinalis,
1135 2765 1224 2833 dicta,
1264 2777 1265 2780 ’

176 2841 678 2914 portteproprionnminediettevideub
726 2849 807 2910 puto,
828 2842 903 2912 qnod
921 2845 960 2895 nti
976 2845 1100 2916 regibus,
1116 2848 1153 2897 ito
1172 2847 1224 2916 ipsi

180 2934 231 2973 tnr.
245 2921 298 2972 vid.
311 2921 374 2973 ibid.
394 2923 429 2974 cl.
442 2923 491 2973 inl.
507 2921 573 2985 lisa,
593 2933 620 2972 et
639 2920 680 2971 ibi
726 2919 856 2986 Romulo,
868 2919 965 2972 trabea
986 2923 1074 2973 luerat
1088 2941 1160 2975 usus.
1175 2923 1225 2974 Pli-

180 2999 318 3069 Not.fhn·t'
325 3000 426 3064 roboro,
436 3011 538 3062 ornate,
546 3001 677 3068 proferro
726 3000 786 3049 nitas
796 2999 962 3066 tib.v1tt,48,
972 3019 993 3050 s.
1005 3002 1050 3070 74:
1060 3001 1226 3060 Traber'susos

180 3077 268 3147 simpl.
288 3095 336 3130 seu
352 3080 446 3129 ferreis
458 3077 608 3148 repagulis:
625 3077 678 3126 Lu·
726 3075 828 3146 accipio
838 3093 923 3147 repes:
937 3089 963 3128 et
972 3079 1021 3143 lx,
1034 3079 1068 3148 39
1078 3098 1098 3130 s.
1112 3079 1145 3132 63
1157 3081 1226 3130 Pur-

180 3157 256 3207 cretii
277 3155 412 3226 exemplo,
435 3155 482 3207 lib.
497 3156 534 3216 Π,
553 3155 613 3222 449.
632 3169 680 3203 nec
725 3169 800 3224 purte
819 3171 894 3205 nsum
914 3171 1016 3226 semper
1035 3157 1123 3208 llomoe
1140 3157 1225 3227 fuisse

180 3245 263 3287 mastos
280 3234 394 3299 absistit,
413 3233 498 3286 videri
514 3245 605 3306 potest
618 3235 679 3286 lani
728 3231 818 3297 video,
830 3231 1029 3286 sedllomuloin
1039 3235 1134 3287 trebeta¹
1146 3239 1226 3289 Recto

180 3315 284 3384 signum
306 3314 334 3366 in
353 3314 412 3384 ipso
434 3312 526 3384 templi
545 3310 621 3363 aditu
635 3311 681 3376 (ir
727 3313 817 3382 imque
836 3311 913 3363 staro
932 3315 1144 3384 antiquissimum
1158 3317 1228 3368 Latii

180 3387 295 3463 sportis)
314 3392 431 3444 stetisse:
444 3392 496 3442 nisi
516 3391 576 3462 ipss
588 3389 682 3462 templi
728 3405 817 3464 regem
824 3391 1224 3468 l’icomtrabeavostiebst.snp.

180 3472 586 3542 forms,quoe·etalronteeta
604 3482 680 3540 tergo
728 3487 754 3521 r.
782 3471 846 3540 187,
871 3470 928 3524 rto.
948 3471 1088 3546 cinctuque
1106 3475 1225 3542 Gabino,

180 3563 286 3623 portam
297 3549 428 3616 habebat,
437 3550 517 3602 talem
525 3561 614 3621 poete
623 3549 679 3599 sni·
728 3569 744 3602 n
754 3547 848 3601 (lobiis
860 3549 990 3602 translato
1003 3562 1030 3602 et
1045 3555 1126 3604 sacris
1138 3571 1227 3607 serva-

181 3649 226 3682 mo
240 3631 356 3703 speciem
368 3629 474 3700 objecit.
494 3629 584 3681 Verbo
596 3639 680 3701 poeta
730 3643 767 3681 to.
787 3631 856 3681 Bene
875 3628 994 3695 Servius,
1016 3633 1062 3701 qui
1082 3633 1110 3683 iu
1132 3637 1226 3686 ceteris

182 3709 260 3762 nobis
280 3709 342 3761 Jsui
362 3708 489 3780 templum
506 3706 613 3759 exhibet
628 3705 680 3757 bne
729 3721 885 3783 argutatum
905 3720 964 3782 rupa
979 3709 1059 3762 sicin
1074 3722 1174 3784 seryum
1188 3732 1226 3764 re-

183 3791 288 3861 speoie:
303 3806 359 3840 esse
376 3787 459 3840 sedem
472 3787 537 3839 Belli
550 3801 575 3840 et
586 3788 679 3838 blsrtis
726 3793 810 3859 ferta,
824 3799 854 3839 ut
872 3789 925 3840 ima
938 3790 993 3861 q'us
1004 3787 1101 3841 lacinia
1120 3811 1136 3842 a
1155 3803 1225 3864 terqo

182 3869 288 3939 gemino
300 3867 375 3919 aditu
386 3866 420 3918 ab
431 3867 555 3918 suticaet
567 3885 583 3917 a
594 3863 698 3938 posti·¹
729 3877 847 3922 revocata
864 3867 997 3921 hominem
1019 3870 1123 3943 cinqot,
1147 3870 1230 3924 simul

183 3965 216 4000 ca
238 3959 330 4020 parte,
354 3947 364 4017 (
387 3946 438 4000 sair
462 3943 652 4013 :beneficentur
671 3949 682 4018 )
729 3958 810 4019 eaput
822 3957 891 4022 tepet
900 3948 1041 4000 etambiat.
1051 3949 1138 4004 Obvia
1148 3970 1189 4004 res
1199 3953 1227 4003 in

184 4025 281 4080 eleusis
293 4026 396 4078 foribus
405 4026 535 4077 roborent
544 4027 683 4077 ferromu-
730 4041 793 4080 vett.
809 4031 999 4094 monumentis,
1013 4033 1187 4102 inprimisque
1198 4033 1228 4082 in‘

185 4107 264 4173 aisis,
279 4107 366 4178 posito
384 4105 502 4159 adfores
515 4107 575 4160 lani
589 4107 681 4178 sigum
732 4110 825 4160 numis.
838 4137 872 4148 -
884 4109 945 4176 614.
967 4120 1042 4163 vocat
1057 4131 1176 4185 pugnas:
1197 4125 1227 4161 nt

1010 4213 1052 4250 21.
