3028 4682
472 407 709 476 AENEIDOS
732 408 886 474 LIBER
908 412 971 474 Vi.
1184 439 1243 506 ¹99

204 534 324 597 Fixerit
335 530 514 621 aeripedem
528 555 658 598 cervum
670 533 761 610 licet,
774 549 831 596 eut
843 533 1035 622 Erymanthi

201 641 327 706 Pacarit
340 663 489 720 nemora,
502 659 535 706 et
549 644 689 706 Lernam
702 641 923 706 tremefecerit
934 665 1027 724 ercu3

201 748 284 826 Nec,
298 747 355 836 qui
367 746 551 835 pampineis
563 748 669 813 victor
675 748 756 838 juga
768 746 872 813 flectit
884 746 1035 828 habenis,
1200 763 1244 813 tut

202 853 315 931 Liber,
328 875 427 942 agens
440 853 528 920 celso
541 857 636 944 Nysoe
649 853 691 918 de
703 855 826 918 vertice
838 854 940 940 tigris.

201 960 243 1023 Et
255 957 443 1026 dubitamus
455 957 565 1026 adbuc
577 961 734 1024 virtutem
749 957 926 1024 extendere
939 959 1051 1026 factis?

232 1107 285 1156 803.
301 1111 394 1157 Fixerot
407 1111 472 1157 llom.
488 1109 565 1157 etalii
579 1111 640 1156 Pier.
656 1111 725 1156 etiarn
739 1109 848 1157 Carisius.
864 1111 922 1157 item
937 1109 1007 1156 Goth.
1023 1122 1091 1168 tert,
1106 1111 1174 1159 male.
1191 1117 1246 1160 erni-

199 1179 267 1242 pedes
282 1181 421 1242 preferebat
436 1181 516 1228 Heius.
535 1179 564 1226 ad
583 1179 652 1227 Ovid.
672 1181 713 1242 Ep.
731 1180 758 1236 6,
781 1181 823 1236 32;
841 1195 880 1236 12,
900 1179 939 1242 98.
960 1182 1037 1246 Atque
1058 1181 1087 1226 E.
1108 1182 1247 1230 emendabat

200 1251 351 1300 Marklandus
372 1253 401 1298 ad
421 1253 487 1299 Statii
506 1251 561 1298 sttv.
582 1268 634 1314 pag.
658 1251 716 1307 261,
738 1251 888 1299 hauddubie
907 1266 931 1298 et
948 1251 993 1298 boc
1011 1253 1084 1304 bene,
1102 1269 1146 1298 nec
1169 1267 1246 1302 tamen

201 1335 311 1368 necesse:
327 1339 380 1369 nam
399 1326 456 1370 mira
475 1336 509 1370 est
523 1325 548 1369 in
562 1321 598 1369 bis
612 1337 733 1386 poetarum
748 1325 857 1379 variatio,
875 1326 961 1387 siquis
975 1323 1080 1386 longiore
1095 1341 1138 1371 usu
1153 1325 1182 1371 ad
1196 1325 1246 1372 baec

201 1392 345 1448 attenderit;
366 1405 389 1439 et
411 1396 526 1440 rationem
547 1392 587 1440 illa
610 1393 698 1450 habet,
721 1405 817 1457 possunt
838 1396 900 1440 eninr
924 1395 1038 1457 ejusmodi
1060 1399 1247 1442 enumerationes

200 1458 306 1522 pluribus
323 1462 399 1509 modis
413 1465 537 1509 constitui:
553 1462 700 1526 sequendum
717 1476 794 1510 autem
813 1476 888 1527 poene
903 1476 937 1510 est
957 1462 1030 1520 illud,
1046 1464 1111 1528 quod
1127 1481 1139 1510 a
1157 1465 1246 1526 vulgari

200 1544 265 1576 more
279 1532 375 1578 recedit.
393 1533 445 1578 darn
461 1545 538 1580 autent
553 1533 648 1595 vulgare
662 1545 734 1587 esset,
755 1543 823 1598 atque
836 1559 867 1569 -
883 1543 911 1580 et.
931 1535 959 1580 llt
974 1533 1085 1590 alterum,
1103 1535 1168 1598 quod
1184 1535 1247 1580 idem

200 1599 236 1644 vir
249 1599 331 1646 doctus
344 1603 466 1664 proponit,
483 1615 523 1660 ut,
541 1605 560 1649 si
573 1614 615 1648 cut
627 1605 768 1659 retineatur,
785 1620 837 1650 mox
850 1607 919 1650 etiam
933 1605 1083 1650 autbertum
1097 1605 1247 1652 scribendum

200 1669 244 1725 sit,
263 1669 337 1716 inulto
354 1673 430 1718 minus
447 1687 539 1736 sequar.
556 1699 588 1708 -
604 1671 657 1729 808.
676 1674 779 1730 Pacarii,
799 1675 863 1738 quod
881 1691 917 1720 res
934 1675 1051 1738 erigebat,
1070 1691 1084 1721 e
1101 1673 1167 1720 libris
1185 1676 1246 1720 Pier.

199 1752 223 1784 et
239 1741 286 1787 suis
301 1745 406 1805 reposuit
423 1743 514 1798 Heius„
531 1759 602 1808 quern
621 1743 682 1792 ride.
701 1743 778 1808 Vulgo
795 1743 900 1808 placarit.
916 1745 953 1792 ed.
970 1745 1030 1792 Ven.
1049 1743 1158 1808 placaret.
1178 1746 1245 1790 lions.

198 1820 298 1870 pacaret.
311 1811 366 1858 Mox
380 1811 535 1874 tremefecerat
549 1813 639 1877 aliquot
651 1815 712 1860 Pier.
724 1829 777 1860 cum
790 1815 856 1861 llom.
867 1841 898 1852 —
908 1815 962 1878 8⁰7.
975 1814 1102 1861 dubitemus
1112 1813 1181 1861 Gotb.
1194 1827 1247 1861 tert.

200 1879 228 1923 ln
240 1879 314 1926 altero
325 1881 473 1928 hemisticbio
481 1898 562 1946 magna
574 1881 682 1930 lectionis
690 1887 795 1932 varietas.
806 1887 932 1950 Receptam
944 1899 1023 1933 tuetur
1034 1887 1120 1932 llledic.
1130 1887 1175 1932 Sed
1185 1901 1248 1950 qute-

198 1951 271 2008 ritur,
286 1953 397 2016 quidsit,
420 1957 525 2001 vernem
536 1957 655 2003 extendere
666 1957 746 2020 foctt's.
768 1961 849 2014 vitum,
862 1975 946 2014 uuum,
962 1959 1092 2014 extendere,
1111 1971 1134 2004 et
1152 1973 1247 2013 nomen,

200 2023 448 2086 menmrsism,fnmcns,
460 2028 592 2082 extendere,
604 2027 723 2074 sollennes
734 2027 849 2091 loquendi
861 2028 924 2074 modi
937 2039 991 2074 suut
998 2045 1006 2083 3
1022 2027 1121 2073 sednon
1133 2031 1246 2073 vitutem.

201 2091 228 2134 ln
241 2092 305 2138 Rom.
319 2093 405 2156 legitur
415 2112 420 2141 :
431 2099 512 2142 virmte
521 2098 641 2143 extendere
652 2101 724 2154 νίκη
736 2101 791 2146 item
804 2102 828 2144 in
836 2099 1000 2146 tribuslloret.
1011 2113 1047 2160 pr.
1060 2097 1170 2144 llottend.
1182 2099 1248 2145 lion·

201 2161 259 2206 talb.
270 2161 343 2210 altero
355 2165 452 2212 Mentcl.
466 2185 478 2213 a
491 2185 522 2212 m.
535 2184 570 2230 pr.
583 2170 630 2213 tert.
647 2181 670 2215 et
683 2171 709 2214 in
721 2169 777 2216 edit.
791 2171 856 2214 Junt.
869 2171 943 2215 Etiam
955 2169 1045 2214 Pierius
1052 2167 1177 2230 plerosque
1189 2167 1247 2214 alios

200 2230 270 2276 oodd.
284 2233 309 2278 id
325 2250 337 2278 a
349 2249 380 2278 m.
393 2251 428 2298 pr.
441 2235 573 2284 erbibuisse
587 2238 731 2295 observavit,
742 2239 784 2286 sed
797 2253 860 2285 erata
873 2240 987 2300 scriptura
998 2239 1049 2282 iere
1065 2239 1248 2299 superscriptum

201 2382 266 2436 aper
291 2379 318 2418 et
343 2367 433 2440 Hydra
454 2371 570 2422 Lernen.
599 2370 701 2423 Fuerit
747 2371 917 2424 BonaServii
936 2383 1017 2422 nota:
1037 2369 1185 2422 dubitamus
1198 2385 1247 2440 pro

200 2443 367 2500 hauddubie
380 2447 505 2502 adtelnm
515 2452 646 2521 pertinet,
660 2465 699 2504 et·
748 2453 858 2504 dubitat.
880 2450 990 2504 Miscuit
1006 2467 1143 2521 peraon
1162 2466 1246 2499 suam.

201 2526 247 2596 qui
266 2525 357 2580 debuit
374 2547 452 2582 cerva
467 2532 528 2583 vira
540 2545 621 2603 capta
631 2549 696 2586 esse.
747 2533 794 2583 Est
804 2541 892 2582 cutem
901 2545 1003 2582 untur:
1018 2545 1101 2601 quum
1114 2525 1163 2576 tibi
1174 2537 1248 2578 muta

199 2603 421 2677 vidilpolledor.
435 2609 550 2678 tt,5,³;
564 2613 699 2684 eutipitur
747 2611 782 2664 sit
800 2618 948 2682 preparata
969 2606 1122 2679 posteritas,
1146 2605 1248 2658 dutinus

200 2684 280 2738 elium
294 2701 429 2742 auctorem
446 2703 588 2762 sequutus,
602 2693 700 2744 autlo·
747 2692 871 2744 virtutem
886 2689 967 2760 factis
992 2686 1147 2739 extendere?
1165 2685 1193 2738 id
1211 2697 1249 2738 est

201 2779 299 2836 quutus
327 2781 367 2821 est
384 2789 479 2842 parum
505 2786 647 2825 accurate:
666 2771 700 2846 fi·
745 2769 869 2844 pieriam.
879 2771 907 2822 ln
916 2769 1073 2820 sententiam
1085 2767 1175 2836 itsque
1185 2783 1248 2836 poe·

195 2864 257 2917 gere
274 2865 323 2918 pro
339 2867 444 2921 cepere.
455 2881 489 2891 -
504 2851 564 2905 805.
586 2855 645 2907 too.
657 2855 696 2906 De
747 2848 989 2920 temutevit,quod
1000 2847 1128 2900 adsolurn
1138 2847 1248 2898 AEneant

199 2927 297 2980 Bacchi
309 2947 340 2981 es
352 2931 428 2982 india
440 2933 575 3003 triumpho
589 2937 656 3004 egit,
671 2935 699 2984 in
748 2943 869 3004 spectat=
890 2931 965 2998 cujus
984 2927 1134 2998 objurgatio
1154 2937 1194 2976 est
1211 2937 1248 2976 te·

200 3023 233 3056 ea
251 3007 320 3078 Nysa
338 3009 403 3060 urbs
420 3029 480 3062 enan
500 3025 591 3064 monte
607 3015 699 3080 Mero,
748 3015 801 3065 cita
814 3011 1008 3082 etincrepetios
1022 3023 1104 3078 quum
1114 3017 1168 3056 tem
1176 3004 1249 3059 clera

142 3123 144 3128 ,
201 3087 247 3154 qni
264 3099 290 3136 et
306 3089 363 3157 ipse
382 3089 454 3160 Nysa
477 3089 571 3142 dictus.
589 3091 699 3144 infinitae
748 3093 810 3156 tibi,
826 3109 842 3142 ο
855 3091 905 3156 lili,
918 3087 1104 3141 subnasciture
1116 3084 1150 3134 sit
1161 3097 1250 3153 poste·

201 3163 235 3217 de
253 3163 295 3216 bis
314 3167 424 3232 fabulae,
442 3168 559 3221 colleetre
573 3188 588 3222 e
601 3171 699 3222 Nonne
748 3173 827 3236 ritus,
843 3169 1057 3241 quintulortiter
1070 3163 1175 3215 labores
1185 3163 1250 3216 tole-

200 3245 348 3317 inDionys.
362 3247 458 3298 Praeter
471 3247 582 3300 Diodor.
602 3249 700 3318 11,3t,
749 3267 807 3315 res,
830 3263 857 3302 et
881 3247 916 3300 nd
937 3243 1122 3316 occupandam
1145 3242 1249 3294 ltaliam

201 3324 235 3375 cf.
256 3323 342 3378 Strab.
355 3327 417 3394 XV,
433 3345 459 3399 p.
480 3329 540 3398 687.
554 3329 603 3402 qui
611 3330 703 3406 flectit
750 3341 856 3381 strenue
874 3329 972 3399 pergis.
989 3323 1090 3376 Eodem
1103 3324 1199 3374 iterum
1212 3341 1251 3374 re·

197 3406 280 3476 iupa,
301 3405 403 3480 bijuges
421 3411 515 3481 tigres,
539 3427 571 3462 ex
592 3427 617 3460 r.
643 3427 698 3481 seq.
749 3407 789 3458 dit
801 3408 848 3458 ini.
863 3407 915 3477 889
929 3407 993 3475 Quoe
1003 3414 1144 3475 postquam
1153 3399 1252 3452 Anchi·

199 3484 348 3555 pampineis
366 3487 486 3554 habenis,
502 3489 629 3562 pampino
649 3489 701 3542 cir·
748 3505 785 3540 ses
798 3495 891 3538 natum
904 3503 953 3556 per
969 3481 1074 3554 sinpula
1097 3481 1189 3545 duxit,
1207 3481 1252 3534 Io·

201 3563 360 3616 cumvolutis
372 3580 397 3618 et
410 3567 538 3638 implexis.
580 3569 582 3575 '
749 3562 1115 3638 cenditqueanimumfemoe
1124 3561 1251 3614 venientis

238 3643 297 3714 807.
312 3645 371 3697 808.
384 3647 456 3713 Quid
468 3661 497 3700 tn
509 3651 602 3721 igitur,
617 3667 634 3700 ο
646 3646 700 3714 lili,
749 3663 855 3698 amore.-
874 3643 946 3696 Exin
965 3639 1033 3694 bella
1050 3641 1106 3693 viro
1125 3655 1253 3695 memorat

201 3726 335 3776 cuncteris
353 3741 473 3797 magnam
494 3731 618 3781 virtutem
643 3745 702 3780 exe-
750 3737 800 3779 ete.
813 3725 853 3776 De
870 3723 1001 3776 sententie
1018 3722 1108 3790 itaque
1127 3719 1249 3774 dubitare

202 3820 260 3854 rere
281 3821 330 3874 per
349 3803 465 3874 plurime
483 3819 589 3860 strenue
608 3809 702 3878 gesta?
749 3804 887 3858 nonlicet.
902 3802 993 3856 Sedin
1005 3800 1142 3852 verbisest
1154 3801 1252 3853 obscu-

203 3893 309 3933 auteur
326 3883 455 3935 sollicitus
474 3903 501 3936 es
522 3885 556 3938 de
577 3885 701 3938 adeunda
751 3889 816 3938 ritas
834 3897 861 3938 et
878 3881 1057 3954 ambiguitas:
1072 3899 1131 3950 quae
1149 3879 1250 3953 duplici

201 3962 279 4013 ltalia
310 3963 385 4015 novis
414 3962 521 4016 sedibus
551 3963 702 4017 destincte?
750 3963 833 4018 modo
845 3961 964 4034 expediri
976 3972 1073 4032 potest.
1084 3959 1190 4013 Scilicet
1202 3961 1251 4014 vie

202 4043 582 4112 quumtanterumrerusnfeta
590 4057 616 4096 et
626 4057 701 4096 tenta
752 4055 792 4096 tes
812 4043 885 4096 dicta
899 4056 962 4094 'esse
986 4053 1073 4112 potest
1094 4059 1144 4110 pro
1165 4041 1250 4112 gloria

201 4123 346 4191 posteritas
370 4135 396 4176 te
421 4123 459 4176 ibi
485 4136 628 4197 exceptura
650 4125 703 4176 siti
750 4126 847 4178 virtute
864 4133 999 4195 perte,ut
1015 4118 1182 4176 conitentes
1199 4139 1250 4191 pro
