3028 4682
530 415 593 480 so
616 413 819 482 uranon
841 415 904 480 vi.
1177 393 1242 511 υ,

200 539 265 604 bus,
278 540 415 592 continent
428 538 530 593 animas
548 541 653 609 pionem
672 552 698 591 et
714 541 857 611 impiorum
875 543 1040 613 promiscue:
1053 557 1083 597 ut
1099 565 1130 599 ex
1141 547 1242 618 Necyia

200 621 307 674 Homeri
319 630 440 671 constat:
454 619 482 668 in
498 635 552 688 qua
563 617 656 672 iisdem
668 619 734 672 locis
746 621 840 672 heroes
851 619 1001 688 habentur,
1013 637 1039 676 et
1050 626 1127 677 simul
1139 628 1240 693 Orion,

197 697 301 768 Tityus,
320 696 462 761 Tantalus,
473 695 611 768 Sisyphus,
623 711 650 750 at
663 717 723 750 cum
739 700 771 749 iis
788 699 923 752 lloreules.
942 701 1028 752 Multo
1045 707 1127 776 magis
1144 709 1241 759 mirum

199 775 226 824 in
239 776 346 832 modum
364 777 468 828 miscuit
479 795 524 841 eu,
538 794 595 847 qun
608 779 635 828 in
646 778 717 829 Orco
733 777 925 843 collocaverat,
937 779 1095 851 Polygnotus
1107 784 1135 834 in
1148 785 1242 837 tabula

198 852 343 924 Delphica,
353 873 396 925 ap.
408 855 519 906 Pausan.
528 855 561 919 X,
575 855 616 907 28.
627 873 667 927 sq.
678 853 751 907 ldem
763 874 787 906 r.
801 876 840 920 c.,
850 857 1029 928 Eurynomum
1036 857 1148 913 Genium
1157 880 1242 935 appo·

200 945 302 998 suerat,
313 935 358 1004 qui
366 945 531 985 mortuorum
538 951 631 986 carnes
641 933 676 986 ad
686 952 746 986 ossa
753 952 838 1006 usque
848 934 985 988 arroderet
995 956 1002 985 ε
1016 949 1045 988 ut
1057 937 1134 1006 adeo,
1143 959 1174 992 ex
1184 944 1241 1011 ejus

201 1011 336 1078 opinione,
347 1031 401 1064 non
412 1013 525 1079 umbrae,
537 1013 672 1065 sedcarne
680 1015 780 1065 vestita
788 1015 881 1066 anima
889 1013 924 1066 ad
931 1015 1032 1066 inferos
1043 1014 1241 1071 descenderent.

200 1086 287 1139 Etiam
308 1090 412 1142 Ocnum
432 1110 493 1143 cum
513 1094 587 1142 asino
607 1091 652 1144 ille
670 1091 765 1144 iisdem
783 1093 810 1145 in
828 1092 894 1144 locis
912 1094 1040 1164 pinxerat.
1060 1095 1126 1146 Tam
1145 1115 1242 1168 parum

201 1165 346 1220 subtilioris
355 1168 449 1240 judicii
459 1173 622 1242 antiquiores
632 1173 659 1222 in
667 1171 798 1244 lingendis
809 1171 889 1224 rebus
898 1172 971 1225 hisce
982 1171 1173 1240 adhibuerunt,
1187 1179 1244 1247 qui·

200 1243 252 1296 bus
262 1248 325 1298 satis
336 1260 406 1312 erat,
413 1261 592 1302 monstrorum
604 1262 717 1303 terrores
726 1251 871 1304 cumulare.
881 1252 986 1303 Miraris
996 1253 1083 1322 ipsum
1090 1253 1245 1324 Horatium,

201 1324 249 1375 nbi
262 1325 322 1378 loca
330 1328 415 1380 infera
427 1331 536 1382 omnino
545 1329 710 1382 nominanda
722 1345 811 1399 erant,
824 1332 859 1383 ad
872 1349 930 1403 quas
942 1331 1066 1384 omnibns
1077 1334 1245 1406 migrandum

202 1415 255 1470 est,
275 1425 420 1460 memorare
436 1409 577 1482 Cocytum,
595 1411 746 1477 Danaides,
760 1411 914 1484 Sisyphum,
931 1425 958 1464 et
969 1413 1061 1483 paullo
1073 1427 1134 1466 aute
1146 1415 1246 1487 Geryo-

201 1497 263 1532 nem
283 1501 343 1536 cum
366 1487 458 1559 Tityo:
477 1489 564 1542 Carni.
577 1491 614 1554 ll,
634 1491 680 1557 14,
702 1492 861 1561 inquorum
882 1493 1046 1542 consortium
1060 1495 1150 1545 venire
1167 1513 1245 1546 nemo

203 1572 286 1629 optet.
302 1563 380 1616 Nunc
391 1564 497 1620 diversa
511 1568 572 1621 loca
584 1567 704 1620 ridemus
716 1587 773 1622 esse
785 1569 901 1641 Elysium
918 1583 943 1622 et
955 1570 1106 1622 Tartarum.
1119 1571 1206 1624 Etiam
1218 1575 1246 1628 in

203 1637 332 1693 scelerum
344 1661 455 1698 recensu
466 1645 590 1700 disertior
600 1657 639 1698 est
648 1661 744 1718 poeta,
758 1665 837 1719 qnam
848 1649 1028 1719 antiquiores:
1043 1667 1096 1719 qua
1108 1649 1141 1701 de
1154 1669 1182 1702 re
1191 1650 1247 1712 vid,

202 1717 266 1780 Not.
279 1721 313 1772 ad
325 1723 373 1790 Vl,
386 1726 447 1778 608.
458 1727 592 1793 Omnino,
604 1745 658 1798 quo
670 1730 755 1801 magis
766 1728 876 1800 expoliti
888 1727 1059 1800 philosophia
1069 1730 1144 1781 fuere
1156 1733 1247 1797 animi,

202 1817 235 1850 co
268 1801 362 1854 melius
392 1806 561 1878 dispescuere
590 1821 701 1860 narrata
733 1809 767 1860 da
798 1809 877 1861 rebus
907 1809 1008 1860 inieris.
1041 1808 1247 1863 accommodari

202 1880 272 1930 enim
289 1881 346 1935 hac
360 1884 445 1940 solent
458 1907 490 1940 ac
508 1887 607 1942 debant
624 1889 804 1960 populorum,
826 1903 949 1955 atatam,
971 1903 998 1942 et
1016 1889 1181 1962 singulorum
1198 1891 1249 1942 ho-

204 1977 306 2012 minum
318 1964 439 2034 ingeniis.

238 2037 298 2089 lam
309 2040 343 2092 ad
355 2042 477 2098 Plutonis
489 2047 586 2118 tugiam
599 2058 755 2118 perventum
767 2061 815 2100 est.
828 2049 967 2119 Sapienter
977 2045 1048 2098 hanc
1060 2049 1169 2098 omnino
1181 2067 1250 2119 pra-

205 2118 316 2170 termine
333 2134 426 2192 poeta,
443 2143 492 2176 nec
508 2125 634 2191 inillam,
649 2128 704 2178 sire
721 2141 849 2192 ornatus,
864 2129 919 2178 sive
933 2127 1093 2176 narrationis
1106 2128 1249 2198 quicquam

207 2201 361 2265 consumsit,
374 2215 469 2273 preter
478 2221 578 2275 paucos
587 2223 679 2258 sersus
688 2223 713 2255 v.
724 2205 777 2257 630
788 2223 828 2276 sq.
839 2207 908 2256 Nam
919 2223 975 2256 rem
985 2222 1001 2254 a
1012 2203 1123 2254 consilio
1136 2205 1250 2259 alienam

206 2287 354 2345 tractasset,
365 2295 391 2334 et
401 2284 428 2334 in
441 2301 556 2336 summas
567 2287 702 2357 angustias
713 2303 771 2337 sese
782 2287 933 2336 immisisset
945 2295 1035 2355 poeta,
1048 2285 1070 2334 si
1081 2285 1174 2336 lovem
1186 2287 1252 2340 inle-

206 2373 265 2408 rum
276 2360 399 2415 exhibere
410 2365 550 2427 volnisset;
561 2385 611 2418 nec
623 2369 787 2435 majestatem
799 2363 842 2417 dei
855 2361 991 2435 quomodo
1004 2363 1066 2414 satis
1080 2375 1211 2430 tueretur,
1223 2369 1251 2418 in

206 2452 313 2508 promtu
323 2440 467 2496 habuisset.
479 2445 613 2518 integrum
621 2447 711 2516 itaque
719 2445 827 2514 reliquit
836 2443 888 2497 hoc
896 2455 1080 2516 argumentum
1092 2442 1251 2521 Claudiano,

206 2517 304 2584 Tasso,
316 2521 445 2588 Miltono,
460 2523 653 2595 Messiadisque
664 2525 776 2576 auctori.
790 2525 873 2575 latrat
885 2537 974 2574 tamen
986 2523 1082 2572 AEneas
1094 2522 1250 2576 vestibulum

206 2599 299 2669 regia,
311 2601 458 2672 lustratae,
471 2617 497 2658 et
507 2623 610 2658 ramum
622 2623 733 2658 aureum
744 2605 772 2656 in
784 2603 888 2656 foribus
900 2601 969 2676 figit,
980 2621 1005 2653 v.
1022 2599 1074 2666 634
1084 2631 1117 2640 -
1127 2603 1193 2670 636,
1204 2605 1252 2664 ubi

208 2679 242 2728 cl.
255 2678 315 2730 Not.
965 2733 967 2742 .

242 2759 337 2814 Praeter
346 2764 445 2836 regiam
457 2764 592 2830 Plutonis,
608 2767 652 2816 via
664 2763 698 2816 ad
710 2761 831 2834 Elysium
844 2761 927 2813 ducit.
940 2759 1020 2833 Apud
1031 2759 1252 2832 Aristophanem,

206 2841 272 2893 llam
289 2845 352 2910 162,
367 2845 414 2898 163
428 2845 461 2896 de
473 2847 582 2898 initiatis
595 2867 601 2895 ε
615 2837 688 2896 olna
703 2839 750 2911 peip
768 2841 893 2909 irpirm
910 2842 965 2909 παρ’
988 2835 1059 2892 aricii
1074 2837 1114 2892 rii
1133 2837 1181 2897 ldis
1200 2843 1254 2898 Ἐπὶ

207 2921 271 2971 ταῖσι
287 2922 329 2972 τοῦ
346 2923 478 2977 nachowe
491 2921 584 2976 alerien
603 2917 697 2989 θέμις.
717 2921 783 2972 Sunt
803 2934 891 2972 autem
908 2920 1072 2969 initiatorum
1088 2917 1163 2970 sedes
1176 2921 1254 2972 nulla

209 2998 266 3049 alite
279 3017 358 3069 quam
370 3000 493 3073 Elysium.
511 3003 568 3052 lloe
584 3001 674 3070 itaque
686 3018 741 3051 non
757 3000 837 3071 longe
850 3017 866 3050 a
877 2997 997 3050 Plutonis
1009 2997 1082 3066 regia
1095 2997 1187 3051 abesse
1200 3012 1256 3050 tra·

209 3075 294 3126 ditum
310 3079 379 3130 forte
397 3079 425 3130 in
436 3079 595 3140 Eleusiniis,
616 3091 646 3130 ut
666 3077 791 3150 colligere
812 3076 874 3128 licet
892 3095 924 3128 ex
944 3072 1050 3128 scurrili
1067 3075 1255 3148 Aristophanis

210 3159 385 3209 insectatione
396 3159 541 3210 initiorum.
554 3156 686 3209 llssiodus
698 3157 816 3209 Platonis
827 3158 926 3228 regiam
936 3157 964 3207 in
975 3153 1073 3204 vicinia
1085 3155 1190 3207 'l'artari
1200 3157 1256 3208 col·

210 3233 353 3287 locaverat.
367 3236 435 3286 Nam
453 3248 515 3287 anta
531 3237 686 3299 Tartarum,
702 3235 777 3287 Atlas
797 3247 850 3286 stat
865 3234 958 3286 calum
975 3245 1141 3300 sustentans3
1156 3235 1256 3290 ibidem

210 3315 269 3368 Diei
281 3327 307 3368 et
318 3315 411 3368 Noctis
420 3313 502 3379 adem
515 3317 586 3366 circa
594 3332 674 3385 quam
684 3315 777 3365 Noctis
786 3314 863 3366 liberi
872 3313 1004 3378 habitant,
1015 3311 1127 3364 Somnus
1137 3325 1163 3364 et
1173 3315 1255 3366 Mors.

211 3385 301 3454 'aisa
319 3397 419 3468 pergit,
437 3395 497 3445 θοοῦ
510 3395 608 3460 χθονίου
629 3392 731 3462 πρόιθι,
745 3389 811 3458 disses
828 3392 932 3457 ixismr
952 3393 1065 3458 Ἰφθίμου
1081 3391 1102 3443 ‘r'
1118 3391 1197 3444 'siaa
1218 3401 1258 3451 sal

212 3473 305 3530 inaniis
328 3475 486 3542 normanniae
504 3473 626 3541 Ἕωὶσιν,
653 3486 714 3526 ante
736 3473 785 3526 has
811 3473 929 3526 Plutonis
951 3485 976 3525 ct
997 3473 1161 3542 Proserpina
1188 3474 1258 3528 edes

212 3552 326 3605 excubat
349 3551 487 3606 Cerberus.
511 3555 568 3606 Nec
590 3553 685 3626 procul
706 3552 769 3606 hinc
789 3565 894 3605 aunum
915 3551 1008 3604 incolit
1028 3549 1096 3622 Styx.
1119 3549 1256 3626 Theogon.

231 3632 248 3684 6
279 3649 291 3682 s
331 3670 338 3683 .

213 3649 229 3702 7
247 3650 390 3781 belllllysio
400 3713 464 3764 satis
475 3711 625 3766 dictumest
637 3711 672 3764 ad
684 3714 772 3784 ipsum
784 3725 901 3784 poetam,
913 3729 939 3761 v.
948 3710 1000 3779 637
1013 3727 1072 3779 sqq.
1085 3709 1115 3760 ln
1127 3713 1184 3780 ejus
1194 3729 1258 3764 con·

212 3789 283 3844 valle
293 3791 374 3843 Lrtlie
384 3805 432 3857 est,
444 3792 569 3864 adquam
579 3807 761 3846 convocantur
773 3793 866 3845 anime
876 3807 975 3842 norum
984 3807 1081 3862 corpus
1091 3791 1256 3864 ingressura,

211 3885 236 3920 v.
250 3870 315 3940 675,
327 3871 400 3940 6793
441 3909 446 3922 .

251 3889 452 4015 monunculi,
461 3969 519 4022 qua
525 3965 615 4022 poeta,
623 3972 649 4004 r.
656 3951 707 4023 739
712 3971 783 4024 sqq,
793 3951 826 4004 de
836 3950 994 4022 purgatione
1004 3947 1151 4000 animarum
1158 3962 1258 4013 narrat,

214 4023 299 4077 loriam
316 4027 431 4100 aliquem
448 4031 475 4080 in
490 4031 580 4082 inferis
599 4033 730 4101 requiras,
748 4049 801 4104 qao
819 4027 866 4083 t'lla
882 4027 1005 4100 purgatio
1027 4025 1186 4079 instituatur·
1208 4025 1260 4079 Sed

213 4105 247 4158 de
259 4106 311 4161 hoc
323 4107 390 4162 nihil
407 4113 624 4166 commemoravit
635 4111 719 4166 Maro.
