<?xml version="1.0" encoding="UTF-8"?>
<!DOCTYPE html PUBLIC "-//W3C//DTD XHTML 1.0 Transitional//EN"
    "http://www.w3.org/TR/xhtml1/DTD/xhtml1-transitional.dtd">
<html xmlns="http://www.w3.org/1999/xhtml" xml:lang="en" lang="en">
 <head>
  <title>
</title>
<meta http-equiv="Content-Type" content="text/html;charset=utf-8" />
  <meta name='ocr-system' content='tesseract 3.04.00' />
  <meta name='ocr-capabilities' content='ocr_page ocr_carea ocr_par ocr_line ocrx_word'/>
</head>
<body>
  <div class='ocr_page' id='page_1' title='image "./pvirgiliusmaroq05barbgoog_0195.png"; bbox 0 0 3022 4682; ppageno 0'>
   <div class='ocr_carea' id='block_1_1' title="bbox 480 383 981 450">
    <p class='ocr_par' dir='ltr' id='par_1_1' title="bbox 480 383 981 450">
     <span class='ocr_line' id='line_1_1' title="bbox 480 383 981 450; baseline 0.004 -2"><span class='ocrx_word' id='word_1_1' title='bbox 480 383 717 450; x_wconf 83' lang='lat' dir='ltr'><strong>AENEIDOS</strong></span> <span class='ocrx_word' id='word_1_2' title='bbox 740 385 895 450; x_wconf 87' lang='lat' dir='ltr'>LIBER</span> <span class='ocrx_word' id='word_1_3' title='bbox 918 387 981 450; x_wconf 87' lang='lat' dir='ltr'><strong>Vl.</strong></span> 
     </span>
    </p>
   </div>
   <div class='ocr_carea' id='block_1_2' title="bbox 1197 389 1254 454">
    <p class='ocr_par' dir='ltr' id='par_1_2' title="bbox 1197 389 1254 454">
     <span class='ocr_line' id='line_1_2' title="bbox 1197 389 1254 454; baseline 0.035 -2"><span class='ocrx_word' id='word_1_4' title='bbox 1197 389 1254 454; x_wconf 81' lang='lat'><strong>185</strong></span> 
     </span>
    </p>
   </div>
   <div class='ocr_carea' id='block_1_3' title="bbox 210 507 1212 1022">
    <p class='ocr_par' dir='ltr' id='par_1_3' title="bbox 210 507 1212 1022">
     <span class='ocr_line' id='line_1_3' title="bbox 260 507 1172 600; baseline 0.01 -34"><span class='ocrx_word' id='word_1_5' title='bbox 260 507 449 596; x_wconf 65' lang='lat' dir='ltr'><strong>«Principio</strong></span> <span class='ocrx_word' id='word_1_6' title='bbox 462 508 593 586; x_wconf 87' lang='lat' dir='ltr'><strong>caelum,</strong></span> <span class='ocrx_word' id='word_1_7' title='bbox 607 532 644 574; x_wconf 89' lang='lat' dir='ltr'><strong>ac</strong></span> <span class='ocrx_word' id='word_1_8' title='bbox 657 526 775 586; x_wconf 85' lang='lat' dir='ltr'><strong>terres,</strong></span> <span class='ocrx_word' id='word_1_9' title='bbox 789 531 990 598; x_wconf 81' lang='lat' dir='ltr'><strong>composque</strong></span> <span class='ocrx_word' id='word_1_10' title='bbox 1002 509 1172 600; x_wconf 88' lang='lat' dir='ltr'><strong>liquentis,</strong></span> 
     </span>
     <span class='ocr_line' id='line_1_4' title="bbox 211 613 1064 704; baseline 0.002 -26"><span class='ocrx_word' id='word_1_11' title='bbox 211 615 461 702; x_wconf 87' lang='lat' dir='ltr'><strong>Lucentemque</strong></span> <span class='ocrx_word' id='word_1_12' title='bbox 474 613 608 702; x_wconf 75' lang='lat' dir='ltr'><strong>globum</strong></span> <span class='ocrx_word' id='word_1_13' title='bbox 624 617 742 694; x_wconf 77' lang='lat' dir='ltr'><strong>Lunae,</strong></span> <span class='ocrx_word' id='word_1_14' title='bbox 755 615 952 704; x_wconf 79' lang='lat' dir='ltr'>Titaniaque</span> <span class='ocrx_word' id='word_1_15' title='bbox 965 631 1064 695; x_wconf 81' lang='lat' dir='ltr'><strong>astru,</strong></span> 
     </span>
     <span class='ocr_line' id='line_1_5' title="bbox 212 719 1014 810; baseline 0.004 -27"><span class='ocrx_word' id='word_1_16' title='bbox 212 719 351 808; x_wconf 86' lang='lat' dir='ltr'>Spiritus</span> <span class='ocrx_word' id='word_1_17' title='bbox 364 721 453 784; x_wconf 90' lang='lat' dir='ltr'><strong>intus</strong></span> <span class='ocrx_word' id='word_1_18' title='bbox 466 720 537 800; x_wconf 82' lang='lat' dir='ltr'><strong>elit,</strong></span> <span class='ocrx_word' id='word_1_19' title='bbox 553 736 720 810; x_wconf 84' lang='lat' dir='ltr'><strong>totamque</strong></span> <span class='ocrx_word' id='word_1_20' title='bbox 734 721 841 784; x_wconf 82' lang='lat' dir='ltr'><strong>infusa</strong></span> <span class='ocrx_word' id='word_1_21' title='bbox 853 743 914 809; x_wconf 89' lang='lat' dir='ltr'><strong>per</strong></span> <span class='ocrx_word' id='word_1_22' title='bbox 924 736 1014 786; x_wconf 84' lang='lat' dir='ltr'><strong>artus</strong></span> 
     </span>
     <span class='ocr_line' id='line_1_6' title="bbox 210 826 1084 914; baseline 0 -26"><span class='ocrx_word' id='word_1_23' title='bbox 210 827 307 889; x_wconf 86' lang='lat' dir='ltr'><strong>Meus</strong></span> <span class='ocrx_word' id='word_1_24' title='bbox 319 826 417 912; x_wconf 73' lang='lat' dir='ltr'><strong>agitat</strong></span> <span class='ocrx_word' id='word_1_25' title='bbox 430 826 566 905; x_wconf 88' lang='lat' dir='ltr'><strong>molem,</strong></span> <span class='ocrx_word' id='word_1_26' title='bbox 581 845 613 891; x_wconf 90' lang='lat' dir='ltr'><strong>et</strong></span> <span class='ocrx_word' id='word_1_27' title='bbox 625 851 745 914; x_wconf 78' lang='lat' dir='ltr'><strong>magno</strong></span> <span class='ocrx_word' id='word_1_28' title='bbox 758 849 792 892; x_wconf 86' lang='lat' dir='ltr'><strong>se</strong></span> <span class='ocrx_word' id='word_1_29' title='bbox 806 849 945 914; x_wconf 87' lang='lat' dir='ltr'><strong>corpore</strong></span> <span class='ocrx_word' id='word_1_30' title='bbox 959 828 1084 890; x_wconf 86' lang='lat' dir='ltr'><strong>miscet.</strong></span> 
     </span>
     <span class='ocr_line' id='line_1_7' title="bbox 211 929 1212 1022; baseline 0.004 -30"><span class='ocrx_word' id='word_1_31' title='bbox 211 929 479 996; x_wconf 83' lang='lat' dir='ltr'><strong>Inde-hominum</strong></span> <span class='ocrx_word' id='word_1_32' title='bbox 491 931 726 1022; x_wconf 83' lang='lat' dir='ltr'><strong>pecudumque</strong></span> <span class='ocrx_word' id='word_1_33' title='bbox 739 955 858 1021; x_wconf 78' lang='lat' dir='ltr'><strong>genus,</strong></span> <span class='ocrx_word' id='word_1_34' title='bbox 871 934 1013 1021; x_wconf 81' lang='lat' dir='ltr'><strong>vitaeque</strong></span> <span class='ocrx_word' id='word_1_35' title='bbox 1026 932 1212 1011; x_wconf 84' lang='lat' dir='ltr'><strong>volantum,</strong></span> 
     </span>
    </p>
   </div>
   <div class='ocr_carea' id='block_1_4' title="bbox 1213 629 1257 691">
    <p class='ocr_par' dir='ltr' id='par_1_4' title="bbox 1213 629 1257 691">
     <span class='ocr_line' id='line_1_8' title="bbox 1213 629 1257 691; baseline -0.023 -16"><span class='ocrx_word' id='word_1_36' title='bbox 1213 629 1257 691; x_wconf 76' lang='lat'><strong>725</strong></span> 
     </span>
    </p>
   </div>
   <div class='ocr_carea' id='block_1_5' title="bbox 209 1123 1261 1688">
    <p class='ocr_par' dir='ltr' id='par_1_5' title="bbox 209 1123 1261 1688">
     <span class='ocr_line' id='line_1_9' title="bbox 241 1123 1258 1184; baseline 0.005 -17"><span class='ocrx_word' id='word_1_37' title='bbox 241 1123 293 1184; x_wconf 63' lang='grc' dir='ltr'><strong>μά.</strong></span> <span class='ocrx_word' id='word_1_38' title='bbox 310 1139 337 1169; x_wconf 86' lang='lat' dir='ltr'><strong>ac</strong></span> <span class='ocrx_word' id='word_1_39' title='bbox 353 1123 418 1171; x_wconf 85' lang='lat' dir='ltr'><strong>deest</strong></span> <span class='ocrx_word' id='word_1_40' title='bbox 435 1125 496 1170; x_wconf 78' lang='lat' dir='ltr'><strong>binis</strong></span> <span class='ocrx_word' id='word_1_41' title='bbox 510 1127 637 1172; x_wconf 81' lang='lat' dir='ltr'><strong>Burmann.</strong></span> <span class='ocrx_word' id='word_1_42' title='bbox 647 1136 670 1172; x_wconf 87' lang='lat' dir='ltr'><strong>et</strong></span> <span class='ocrx_word' id='word_1_43' title='bbox 686 1125 755 1172; x_wconf 86' lang='lat' dir='ltr'><strong>Goth.</strong></span> <span class='ocrx_word' id='word_1_44' title='bbox 771 1139 823 1173; x_wconf 89' lang='lat' dir='ltr'><strong>tert.</strong></span> <span class='ocrx_word' id='word_1_45' title='bbox 838 1135 920 1173; x_wconf 76' lang='lat' dir='ltr'><strong>tenum</strong></span> <span class='ocrx_word' id='word_1_46' title='bbox 932 1127 998 1172; x_wconf 86' lang='lat' dir='ltr'><strong>lloro.</strong></span> <span class='ocrx_word' id='word_1_47' title='bbox 1012 1137 1035 1172; x_wconf 86' lang='lat' dir='ltr'><strong>et</strong></span> <span class='ocrx_word' id='word_1_48' title='bbox 1048 1125 1110 1170; x_wconf 83' lang='lat' dir='ltr'><strong>Gud.</strong></span> <span class='ocrx_word' id='word_1_49' title='bbox 1123 1141 1176 1170; x_wconf 87' lang='lat' dir='ltr'><strong>rum</strong></span> <span class='ocrx_word' id='word_1_50' title='bbox 1188 1126 1258 1172; x_wconf 86' lang='lat' dir='ltr'><strong>Goth.</strong></span> 
     </span>
     <span class='ocr_line' id='line_1_10' title="bbox 210 1193 1258 1260; baseline 0.001 -22"><span class='ocrx_word' id='word_1_51' title='bbox 210 1207 256 1238; x_wconf 79' lang='lat' dir='ltr'><strong>tec.</strong></span> <span class='ocrx_word' id='word_1_52' title='bbox 268 1207 291 1239; x_wconf 88' lang='lat' dir='ltr'><strong>et</strong></span> <span class='ocrx_word' id='word_1_53' title='bbox 300 1193 381 1256; x_wconf 66' lang='lat' dir='ltr'><strong>fragm.</strong></span> <span class='ocrx_word' id='word_1_54' title='bbox 395 1197 468 1242; x_wconf 76' lang='lat' dir='ltr'><strong>Vatic.</strong></span> <span class='ocrx_word' id='word_1_55' title='bbox 481 1213 493 1240; x_wconf 78' lang='lat' dir='ltr'>a</span> <span class='ocrx_word' id='word_1_56' title='bbox 509 1213 539 1240; x_wconf 91' lang='lat' dir='ltr'><strong>ru.</strong></span> <span class='ocrx_word' id='word_1_57' title='bbox 550 1213 586 1258; x_wconf 86' lang='lat' dir='ltr'><strong>pr.</strong></span> <span class='ocrx_word' id='word_1_58' title='bbox 596 1231 602 1251; x_wconf 87' lang='lat'><em>‚</em></span> <span class='ocrx_word' id='word_1_59' title='bbox 614 1211 638 1242; x_wconf 78' lang='lat' dir='ltr'><strong>at</strong></span> <span class='ocrx_word' id='word_1_60' title='bbox 650 1198 679 1243; x_wconf 83' lang='lat' dir='ltr'><strong>cl.</strong></span> <span class='ocrx_word' id='word_1_61' title='bbox 697 1199 782 1258; x_wconf 71' lang='lat' dir='ltr'><strong>Georq.</strong></span> <span class='ocrx_word' id='word_1_62' title='bbox 796 1199 836 1252; x_wconf 87' lang='lat' dir='ltr'><strong>lV,</strong></span> <span class='ocrx_word' id='word_1_63' title='bbox 850 1212 890 1242; x_wconf 75' lang='lat' dir='ltr'><strong>rut</strong></span> <span class='ocrx_word' id='word_1_64' title='bbox 907 1201 1033 1260; x_wconf 75' lang='lat' dir='ltr'><strong>Terraeque</strong></span> <span class='ocrx_word' id='word_1_65' title='bbox 1044 1205 1173 1258; x_wconf 62' lang='lat' dir='ltr'><strong>moetusque</strong></span> <span class='ocrx_word' id='word_1_66' title='bbox 1183 1201 1258 1241; x_wconf 80' lang='lat' dir='ltr'><strong>meris.</strong></span> 
     </span>
     <span class='ocr_line' id='line_1_11' title="bbox 212 1265 1259 1330; baseline 0.004 -22"><span class='ocrx_word' id='word_1_67' title='bbox 212 1273 282 1310; x_wconf 78' lang='lat' dir='ltr'><strong>tenus</strong></span> <span class='ocrx_word' id='word_1_68' title='bbox 292 1265 416 1330; x_wconf 80' lang='lat' dir='ltr'><strong>celumque</strong></span> <span class='ocrx_word' id='word_1_69' title='bbox 424 1267 563 1330; x_wconf 79' lang='lat' dir='ltr'><strong>profundum</strong></span> <span class='ocrx_word' id='word_1_70' title='bbox 577 1269 659 1313; x_wconf 74' lang='lat' dir='ltr'><strong>Donat.</strong></span> <span class='ocrx_word' id='word_1_71' title='bbox 674 1270 702 1315; x_wconf 78' lang='lat' dir='ltr'><strong>ad</strong></span> <span class='ocrx_word' id='word_1_72' title='bbox 714 1271 823 1324; x_wconf 77' lang='lat' dir='ltr'><strong>Terent,</strong></span> <span class='ocrx_word' id='word_1_73' title='bbox 834 1271 977 1316; x_wconf 78' lang='lat' dir='ltr'>memoriter.</span> <span class='ocrx_word' id='word_1_74' title='bbox 990 1287 1011 1316; x_wconf 84' lang='lat' dir='ltr'><strong>r.</strong></span> <span class='ocrx_word' id='word_1_75' title='bbox 1021 1269 1100 1314; x_wconf 80' lang='lat' dir='ltr'><strong>Burro.</strong></span> <span class='ocrx_word' id='word_1_76' title='bbox 1112 1285 1165 1330; x_wconf 82' lang='lat'><strong>-7</strong></span> <span class='ocrx_word' id='word_1_77' title='bbox 1185 1267 1205 1312; x_wconf 88' lang='lat'><strong>5.</strong></span> <span class='ocrx_word' id='word_1_78' title='bbox 1219 1269 1259 1312; x_wconf 90' lang='lat' dir='ltr'><strong>ln-</strong></span> 
     </span>
     <span class='ocr_line' id='line_1_12' title="bbox 209 1339 1260 1401; baseline 0.004 -21"><span class='ocrx_word' id='word_1_79' title='bbox 209 1345 340 1400; x_wconf 81' lang='lat' dir='ltr'><strong>qentemque</strong></span> <span class='ocrx_word' id='word_1_80' title='bbox 349 1355 371 1401; x_wconf 79' lang='lat' dir='ltr'><strong>q.</strong></span> <span class='ocrx_word' id='word_1_81' title='bbox 383 1339 469 1383; x_wconf 84' lang='lat' dir='ltr'><strong>Medic.</strong></span> <span class='ocrx_word' id='word_1_82' title='bbox 481 1355 492 1384; x_wconf 77' lang='lat' dir='ltr'>a</span> <span class='ocrx_word' id='word_1_83' title='bbox 507 1355 536 1384; x_wconf 88' lang='lat' dir='ltr'><strong>m.</strong></span> <span class='ocrx_word' id='word_1_84' title='bbox 550 1357 585 1401; x_wconf 87' lang='lat' dir='ltr'><strong>pr.</strong></span> <span class='ocrx_word' id='word_1_85' title='bbox 594 1353 617 1385; x_wconf 88' lang='lat' dir='ltr'><strong>et</strong></span> <span class='ocrx_word' id='word_1_86' title='bbox 629 1339 704 1386; x_wconf 84' lang='lat' dir='ltr'><strong>Color.</strong></span> <span class='ocrx_word' id='word_1_87' title='bbox 721 1341 823 1386; x_wconf 78' lang='lat' dir='ltr'><strong>Tithonia</strong></span> <span class='ocrx_word' id='word_1_88' title='bbox 833 1341 903 1387; x_wconf 85' lang='lat' dir='ltr'><strong>Goth.</strong></span> <span class='ocrx_word' id='word_1_89' title='bbox 917 1354 969 1386; x_wconf 88' lang='lat' dir='ltr'><strong>tert.</strong></span> <span class='ocrx_word' id='word_1_90' title='bbox 984 1343 1028 1385; x_wconf 77' lang='lat' dir='ltr'><strong>Aut</strong></span> <span class='ocrx_word' id='word_1_91' title='bbox 1040 1339 1116 1386; x_wconf 76' lang='lat' dir='ltr'><strong>Solem</strong></span> <span class='ocrx_word' id='word_1_92' title='bbox 1129 1341 1153 1384; x_wconf 89' lang='lat' dir='ltr'><strong>in</strong></span> <span class='ocrx_word' id='word_1_93' title='bbox 1167 1341 1260 1386; x_wconf 80' lang='lat' dir='ltr'><strong>Titauu&#39;s</strong></span> 
     </span>
     <span class='ocr_line' id='line_1_13' title="bbox 211 1406 1260 1474; baseline 0.003 -23"><span class='ocrx_word' id='word_1_94' title='bbox 211 1409 277 1454; x_wconf 76' lang='lat' dir='ltr'><strong>astris</strong></span> <span class='ocrx_word' id='word_1_95' title='bbox 286 1406 371 1463; x_wconf 80' lang='lat' dir='ltr'><strong>latere,</strong></span> <span class='ocrx_word' id='word_1_96' title='bbox 384 1423 423 1454; x_wconf 82' lang='lat' dir='ltr'><strong>eut</strong></span> <span class='ocrx_word' id='word_1_97' title='bbox 437 1413 561 1474; x_wconf 73' lang='lat' dir='ltr'><strong>Tironisque</strong></span> <span class='ocrx_word' id='word_1_98' title='bbox 573 1420 595 1455; x_wconf 87' lang='lat' dir='ltr'><strong>et</strong></span> <span class='ocrx_word' id='word_1_99' title='bbox 606 1420 668 1456; x_wconf 83' lang='lat' dir='ltr'><strong>estro</strong></span> <span class='ocrx_word' id='word_1_100' title='bbox 681 1411 821 1474; x_wconf 64' lang='lat' dir='ltr'><strong>legendum,</strong></span> <span class='ocrx_word' id='word_1_101' title='bbox 836 1412 958 1458; x_wconf 86' lang='lat' dir='ltr'><strong>contendit</strong></span> <span class='ocrx_word' id='word_1_102' title='bbox 973 1412 1099 1474; x_wconf 79' lang='lat' dir='ltr'><strong>Trappius,</strong></span> <span class='ocrx_word' id='word_1_103' title='bbox 1115 1409 1155 1455; x_wconf 83' lang='lat' dir='ltr'><strong>sed</strong></span> <span class='ocrx_word' id='word_1_104' title='bbox 1168 1427 1189 1454; x_wconf 83' lang='lat' dir='ltr'><strong>v.</strong></span> <span class='ocrx_word' id='word_1_105' title='bbox 1208 1411 1260 1454; x_wconf 78' lang='lat' dir='ltr'><strong>Not.</strong></span> 
     </span>
     <span class='ocr_line' id='line_1_14' title="bbox 210 1479 1261 1548; baseline -0.001 -23"><span class='ocrx_word' id='word_1_106' title='bbox 210 1501 242 1514; x_wconf 86' lang='lat'><strong>·-</strong></span> <span class='ocrx_word' id='word_1_107' title='bbox 252 1479 303 1541; x_wconf 80' lang='lat'><em>726.</em></span> <span class='ocrx_word' id='word_1_108' title='bbox 321 1489 435 1544; x_wconf 82' lang='lat' dir='ltr'><strong>tutumque</strong></span> <span class='ocrx_word' id='word_1_109' title='bbox 446 1485 469 1526; x_wconf 85' lang='lat' dir='ltr'><strong>t‘n</strong></span> <span class='ocrx_word' id='word_1_110' title='bbox 478 1483 537 1545; x_wconf 78' lang='lat' dir='ltr'><strong>suco</strong></span> <span class='ocrx_word' id='word_1_111' title='bbox 554 1483 633 1544; x_wconf 68' lang='lat' dir='ltr'><strong>fragm.</strong></span> <span class='ocrx_word' id='word_1_112' title='bbox 647 1485 722 1528; x_wconf 76' lang='lat' dir='ltr'><strong>vote.</strong></span> <span class='ocrx_word' id='word_1_113' title='bbox 738 1499 749 1528; x_wconf 79' lang='lat' dir='ltr'>a</span> <span class='ocrx_word' id='word_1_114' title='bbox 764 1500 794 1528; x_wconf 88' lang='lat' dir='ltr'><strong>ro.</strong></span> <span class='ocrx_word' id='word_1_115' title='bbox 812 1501 847 1546; x_wconf 93' lang='lat' dir='ltr'><strong>pr.</strong></span> <span class='ocrx_word' id='word_1_116' title='bbox 860 1483 936 1548; x_wconf 80' lang='lat' dir='ltr'><strong>effirse</strong></span> <span class='ocrx_word' id='word_1_117' title='bbox 955 1483 1020 1529; x_wconf 85' lang='lat' dir='ltr'><strong>Leid.</strong></span> <span class='ocrx_word' id='word_1_118' title='bbox 1040 1499 1080 1530; x_wconf 89' lang='lat' dir='ltr'><strong>uu.</strong></span> <span class='ocrx_word' id='word_1_119' title='bbox 1094 1481 1168 1544; x_wconf 72' lang='lat' dir='ltr'><strong>infime</strong></span> <span class='ocrx_word' id='word_1_120' title='bbox 1181 1490 1261 1544; x_wconf 82' lang='lat' dir='ltr'><strong>portns</strong></span> 
     </span>
     <span class='ocr_line' id='line_1_15' title="bbox 210 1549 1261 1618; baseline 0.001 -25"><span class='ocrx_word' id='word_1_121' title='bbox 210 1549 280 1594; x_wconf 87' lang='lat' dir='ltr'><strong>Gotlr.</strong></span> <span class='ocrx_word' id='word_1_122' title='bbox 294 1563 346 1596; x_wconf 88' lang='lat' dir='ltr'><strong>tert.</strong></span> <span class='ocrx_word' id='word_1_123' title='bbox 359 1577 390 1586; x_wconf 89' lang='lat'>-</span> <span class='ocrx_word' id='word_1_124' title='bbox 400 1567 453 1614; x_wconf 81' lang='lat'>7²7·</span> <span class='ocrx_word' id='word_1_125' title='bbox 465 1557 540 1598; x_wconf 82' lang='lat' dir='ltr'><strong>mt&#39;scet</strong></span> <span class='ocrx_word' id='word_1_126' title='bbox 549 1569 573 1598; x_wconf 82' lang='lat' dir='ltr'><strong>se</strong></span> <span class='ocrx_word' id='word_1_127' title='bbox 584 1569 677 1616; x_wconf 83' lang='lat' dir='ltr'><strong>corpore</strong></span> <span class='ocrx_word' id='word_1_128' title='bbox 689 1553 748 1598; x_wconf 88' lang='lat' dir='ltr'><strong>nihil</strong></span> <span class='ocrx_word' id='word_1_129' title='bbox 760 1553 824 1599; x_wconf 82' lang='lat' dir='ltr'><strong>aliud</strong></span> <span class='ocrx_word' id='word_1_130' title='bbox 835 1567 869 1600; x_wconf 80' lang='lat' dir='ltr'><strong>eet</strong></span> <span class='ocrx_word' id='word_1_131' title='bbox 881 1569 950 1618; x_wconf 83' lang='lat' dir='ltr'><strong>quam</strong></span> <span class='ocrx_word' id='word_1_132' title='bbox 961 1555 1034 1599; x_wconf 74' lang='lat' dir='ltr'><strong>sonna</strong></span> <span class='ocrx_word' id='word_1_133' title='bbox 1046 1551 1159 1616; x_wconf 84' lang='lat' dir='ltr'><strong>loquendi</strong></span> <span class='ocrx_word' id='word_1_134' title='bbox 1170 1551 1261 1596; x_wconf 89' lang='lat' dir='ltr'><strong>doctior</strong></span> 
     </span>
     <span class='ocr_line' id='line_1_16' title="bbox 209 1621 1260 1688; baseline 0 -21"><span class='ocrx_word' id='word_1_135' title='bbox 209 1635 253 1682; x_wconf 78' lang='lat' dir='ltr'><strong>pro</strong></span> <span class='ocrx_word' id='word_1_136' title='bbox 260 1621 362 1685; x_wconf 66' lang='lat' dir='ltr'><strong>vulgari,</strong></span> <span class='ocrx_word' id='word_1_137' title='bbox 371 1625 447 1670; x_wconf 78' lang='lat' dir='ltr'><strong>miscet</strong></span> <span class='ocrx_word' id='word_1_138' title='bbox 454 1640 478 1670; x_wconf 87' lang='lat' dir='ltr'><strong>re</strong></span> <span class='ocrx_word' id='word_1_139' title='bbox 484 1629 579 1688; x_wconf 78' lang='lat' dir='ltr'><strong>corpori.</strong></span> <span class='ocrx_word' id='word_1_140' title='bbox 587 1651 618 1663; x_wconf 90' lang='lat'><strong>-·</strong></span> <span class='ocrx_word' id='word_1_141' title='bbox 626 1626 678 1688; x_wconf 77' lang='lat'><em>728.</em></span> <span class='ocrx_word' id='word_1_142' title='bbox 688 1627 748 1670; x_wconf 79' lang='lat' dir='ltr'><strong>Hinc</strong></span> <span class='ocrx_word' id='word_1_143' title='bbox 756 1641 794 1687; x_wconf 79' lang='lat' dir='ltr'><strong>ap.</strong></span> <span class='ocrx_word' id='word_1_144' title='bbox 803 1629 866 1672; x_wconf 80' lang='lat' dir='ltr'><strong>Serv.</strong></span> <span class='ocrx_word' id='word_1_145' title='bbox 876 1625 993 1672; x_wconf 85' lang='lat' dir='ltr'><strong>uolucrum</strong></span> <span class='ocrx_word' id='word_1_146' title='bbox 1000 1625 1070 1672; x_wconf 84' lang='lat' dir='ltr'><strong>Goth.</strong></span> <span class='ocrx_word' id='word_1_147' title='bbox 1079 1639 1125 1670; x_wconf 79' lang='lat' dir='ltr'><strong>tec.</strong></span> <span class='ocrx_word' id='word_1_148' title='bbox 1133 1639 1186 1668; x_wconf 89' lang='lat' dir='ltr'><strong>cum</strong></span> <span class='ocrx_word' id='word_1_149' title='bbox 1195 1625 1260 1668; x_wconf 82' lang='lat' dir='ltr'><strong>Rom·</strong></span> 
     </span>
    </p>
   </div>
   <div class='ocr_carea' id='block_1_6' title="bbox 245 1781 1261 1856">
    <p class='ocr_par' dir='ltr' id='par_1_6' title="bbox 245 1781 1261 1856">
     <span class='ocr_line' id='line_1_17' title="bbox 245 1781 1261 1856; baseline 0.007 -26"><span class='ocrx_word' id='word_1_150' title='bbox 245 1781 295 1848; x_wconf 69' lang='lat'><strong>724</strong></span> <span class='ocrx_word' id='word_1_151' title='bbox 317 1799 375 1853; x_wconf 82' lang='lat' dir='ltr'><strong>sqq.</strong></span> <span class='ocrx_word' id='word_1_152' title='bbox 397 1783 435 1836; x_wconf 87' lang='lat' dir='ltr'><strong>De</strong></span> <span class='ocrx_word' id='word_1_153' title='bbox 459 1799 515 1837; x_wconf 92' lang='lat' dir='ltr'><strong>toto</strong></span> <span class='ocrx_word' id='word_1_154' title='bbox 538 1785 591 1838; x_wconf 90' lang='lat' dir='ltr'><strong>hoc</strong></span> <span class='ocrx_word' id='word_1_155' title='bbox 610 1786 706 1838; x_wconf 79' lang='lat' dir='ltr'><strong>illustri</strong></span> <span class='ocrx_word' id='word_1_156' title='bbox 754 1785 935 1856; x_wconf 66' lang='lat' dir='ltr'><strong>profundum</strong></span> <span class='ocrx_word' id='word_1_157' title='bbox 967 1787 1082 1840; x_wconf 87' lang='lat' dir='ltr'><strong>Ennium</strong></span> <span class='ocrx_word' id='word_1_158' title='bbox 1112 1797 1261 1856; x_wconf 84' lang='lat' dir='ltr'><strong>sequutus,</strong></span> 
     </span>
    </p>
   </div>
   <div class='ocr_carea' id='block_1_7' title="bbox 209 1855 711 2253">
    <p class='ocr_par' dir='ltr' id='par_1_7' title="bbox 209 1855 711 2253">
     <span class='ocr_line' id='line_1_18' title="bbox 209 1855 707 1936; baseline 0.02 -28"><span class='ocrx_word' id='word_1_159' title='bbox 209 1855 270 1909; x_wconf 91' lang='lat' dir='ltr'><strong>loco</strong></span> <span class='ocrx_word' id='word_1_160' title='bbox 279 1899 287 1926; x_wconf 85' lang='lat'><strong>‚</strong></span> <span class='ocrx_word' id='word_1_161' title='bbox 296 1860 322 1911; x_wconf 89' lang='lat' dir='ltr'><strong>in</strong></span> <span class='ocrx_word' id='word_1_162' title='bbox 334 1881 387 1933; x_wconf 92' lang='lat' dir='ltr'><strong>quo</strong></span> <span class='ocrx_word' id='word_1_163' title='bbox 396 1865 450 1917; x_wconf 86' lang='lat' dir='ltr'><strong>fere</strong></span> <span class='ocrx_word' id='word_1_164' title='bbox 461 1868 637 1936; x_wconf 78' lang='lat' dir='ltr'><strong>interpretum</strong></span> <span class='ocrx_word' id='word_1_165' title='bbox 648 1866 707 1918; x_wconf 86' lang='lat' dir='ltr'><strong>sub-</strong></span> 
     </span>
     <span class='ocr_line' id='line_1_19' title="bbox 210 1935 710 2008; baseline 0.02 -22"><span class='ocrx_word' id='word_1_166' title='bbox 210 1935 331 1990; x_wconf 81' lang='lat' dir='ltr'><strong>tilitatem</strong></span> <span class='ocrx_word' id='word_1_167' title='bbox 352 1941 502 2008; x_wconf 79' lang='lat' dir='ltr'><strong>desideres,</strong></span> <span class='ocrx_word' id='word_1_168' title='bbox 523 1947 627 1998; x_wconf 78' lang='lat' dir='ltr'><strong>Servius</strong></span> <span class='ocrx_word' id='word_1_169' title='bbox 646 1964 710 1998; x_wconf 88' lang='lat' dir='ltr'><strong>vero</strong></span> 
     </span>
     <span class='ocr_line' id='line_1_20' title="bbox 210 2017 711 2095; baseline 0.016 -29"><span class='ocrx_word' id='word_1_170' title='bbox 210 2017 411 2086; x_wconf 79' lang='lat' dir='ltr'><strong>neoplatonicns</strong></span> <span class='ocrx_word' id='word_1_171' title='bbox 420 2025 536 2093; x_wconf 70' lang='lat' dir='ltr'><strong>argutius</strong></span> <span class='ocrx_word' id='word_1_172' title='bbox 547 2025 642 2089; x_wconf 80' lang='lat' dir='ltr'><strong>affert,</strong></span> <span class='ocrx_word' id='word_1_173' title='bbox 653 2043 711 2095; x_wconf 81' lang='lat' dir='ltr'><strong>par·</strong></span> 
     </span>
     <span class='ocr_line' id='line_1_21' title="bbox 212 2095 710 2174; baseline 0.022 -31"><span class='ocrx_word' id='word_1_174' title='bbox 212 2095 258 2145; x_wconf 90' lang='lat' dir='ltr'><strong>tim</strong></span> <span class='ocrx_word' id='word_1_175' title='bbox 272 2109 297 2146; x_wconf 85' lang='lat' dir='ltr'><strong>et</strong></span> <span class='ocrx_word' id='word_1_176' title='bbox 309 2103 495 2167; x_wconf 79' lang='lat' dir='ltr'><strong>grammaticus</strong></span> <span class='ocrx_word' id='word_1_177' title='bbox 508 2121 609 2174; x_wconf 76' lang='lat' dir='ltr'><strong>nugas,</strong></span> <span class='ocrx_word' id='word_1_178' title='bbox 623 2121 646 2152; x_wconf 89' lang='lat' dir='ltr'><strong>v.</strong></span> <span class='ocrx_word' id='word_1_179' title='bbox 661 2105 710 2154; x_wconf 85' lang='lat' dir='ltr'><strong>Ex·</strong></span> 
     </span>
     <span class='ocr_line' id='line_1_22' title="bbox 211 2177 709 2253; baseline 0.016 -27"><span class='ocrx_word' id='word_1_180' title='bbox 211 2193 280 2226; x_wconf 87' lang='lat' dir='ltr'><strong>curs.</strong></span> <span class='ocrx_word' id='word_1_181' title='bbox 294 2177 350 2226; x_wconf 83' lang='lat' dir='ltr'><strong>xlt.</strong></span> <span class='ocrx_word' id='word_1_182' title='bbox 361 2181 408 2230; x_wconf 85' lang='lat' dir='ltr'><strong>llic</strong></span> <span class='ocrx_word' id='word_1_183' title='bbox 418 2182 500 2234; x_wconf 82' lang='lat' dir='ltr'><strong>verba</strong></span> <span class='ocrx_word' id='word_1_184' title='bbox 512 2181 709 2253; x_wconf 77' lang='lat' dir='ltr'><strong>interpretanda</strong></span> 
     </span>
    </p>
   </div>
   <div class='ocr_carea' id='block_1_8' title="bbox 211 2256 731 2326">
    <p class='ocr_par' dir='ltr' id='par_1_8' title="bbox 211 2256 731 2326">
     <span class='ocr_line' id='line_1_23' title="bbox 211 2256 731 2326; baseline 0.019 -23"><span class='ocrx_word' id='word_1_185' title='bbox 211 2267 272 2305; x_wconf 87' lang='lat' dir='ltr'><strong>sunt</strong></span> <span class='ocrx_word' id='word_1_186' title='bbox 297 2256 410 2326; x_wconf 76' lang='lat' dir='ltr'><strong>Spiritus</strong></span> <span class='ocrx_word' id='word_1_187' title='bbox 422 2273 447 2312; x_wconf 89' lang='lat' dir='ltr'><strong>et</strong></span> <span class='ocrx_word' id='word_1_188' title='bbox 460 2265 548 2322; x_wconf 68' lang='lat' dir='ltr'><strong>menr5</strong></span> <span class='ocrx_word' id='word_1_189' title='bbox 563 2257 674 2326; x_wconf 72' lang='lat' dir='ltr'><strong>11thqu</strong></span> <span class='ocrx_word' id='word_1_190' title='bbox 685 2276 710 2316; x_wconf 88' lang='lat' dir='ltr'><strong>et</strong></span> <span class='ocrx_word' id='word_1_191' title='bbox 725 2295 731 2308; x_wconf 84' lang='lat'><em>·</em></span> 
     </span>
    </p>
   </div>
   <div class='ocr_carea' id='block_1_9' title="bbox 208 2335 713 4165">
    <p class='ocr_par' dir='ltr' id='par_1_9' title="bbox 208 2335 713 4165">
     <span class='ocr_line' id='line_1_24' title="bbox 211 2335 710 2410; baseline 0.016 -26"><span class='ocrx_word' id='word_1_192' title='bbox 211 2335 282 2395; x_wconf 75' lang='grc' dir='ltr'><strong>Νοῦς,</strong></span> <span class='ocrx_word' id='word_1_193' title='bbox 307 2335 333 2386; x_wconf 89' lang='lat' dir='ltr'><strong>h.</strong></span> <span class='ocrx_word' id='word_1_194' title='bbox 360 2356 382 2388; x_wconf 88' lang='lat' dir='ltr'><strong>e.</strong></span> <span class='ocrx_word' id='word_1_195' title='bbox 408 2341 496 2392; x_wconf 79' lang='lat' dir='ltr'><strong>eninm</strong></span> <span class='ocrx_word' id='word_1_196' title='bbox 521 2341 629 2406; x_wconf 84' lang='lat' dir='ltr'><strong>mundi,</strong></span> <span class='ocrx_word' id='word_1_197' title='bbox 654 2359 710 2410; x_wconf 82' lang='lat' dir='ltr'><strong>quse</strong></span> 
     </span>
     <span class='ocr_line' id='line_1_25' title="bbox 210 2417 712 2491; baseline 0.012 -28"><span class='ocrx_word' id='word_1_198' title='bbox 210 2417 300 2466; x_wconf 85' lang='lat' dir='ltr'><strong>omnia</strong></span> <span class='ocrx_word' id='word_1_199' title='bbox 313 2431 442 2486; x_wconf 83' lang='lat' dir='ltr'><strong>perment;</strong></span> <span class='ocrx_word' id='word_1_200' title='bbox 461 2438 596 2491; x_wconf 88' lang='lat' dir='ltr'><strong>quumque</strong></span> <span class='ocrx_word' id='word_1_201' title='bbox 610 2423 712 2472; x_wconf 83' lang='lat' dir='ltr'><strong>univer.</strong></span> 
     </span>
     <span class='ocr_line' id='line_1_26' title="bbox 211 2497 713 2573; baseline 0.022 -30"><span class='ocrx_word' id='word_1_202' title='bbox 211 2511 268 2546; x_wconf 88' lang='lat' dir='ltr'><strong>sum</strong></span> <span class='ocrx_word' id='word_1_203' title='bbox 281 2497 361 2548; x_wconf 86' lang='lat' dir='ltr'><strong>semel</strong></span> <span class='ocrx_word' id='word_1_204' title='bbox 374 2498 423 2550; x_wconf 85' lang='lat' dir='ltr'><strong>snb</strong></span> <span class='ocrx_word' id='word_1_205' title='bbox 441 2501 555 2570; x_wconf 78' lang='lat' dir='ltr'><strong>corporis</strong></span> <span class='ocrx_word' id='word_1_206' title='bbox 572 2503 660 2573; x_wconf 87' lang='lat' dir='ltr'><strong>spccio</strong></span> <span class='ocrx_word' id='word_1_207' title='bbox 675 2521 713 2554; x_wconf 89' lang='lat' dir='ltr'><strong>re·</strong></span> 
     </span>
     <span class='ocr_line' id='line_1_27' title="bbox 209 2580 711 2652; baseline 0.018 -26"><span class='ocrx_word' id='word_1_208' title='bbox 209 2589 410 2644; x_wconf 61' lang='lat' dir='ltr'><strong>praesentasset,</strong></span> <span class='ocrx_word' id='word_1_209' title='bbox 431 2593 502 2631; x_wconf 89' lang='lat' dir='ltr'><strong>recte</strong></span> <span class='ocrx_word' id='word_1_210' title='bbox 522 2599 570 2650; x_wconf 90' lang='lat' dir='ltr'><strong>pro</strong></span> <span class='ocrx_word' id='word_1_211' title='bbox 590 2580 711 2652; x_wconf 77' lang='lat' dir='ltr'><strong>partibus</strong></span> 
     </span>
     <span class='ocr_line' id='line_1_28' title="bbox 208 2657 708 2729; baseline 0.016 -26"><span class='ocrx_word' id='word_1_212' title='bbox 208 2665 280 2708; x_wconf 83' lang='lat' dir='ltr'><strong>ortus</strong></span> <span class='ocrx_word' id='word_1_213' title='bbox 292 2660 389 2728; x_wconf 90' lang='lat' dir='ltr'><strong>posuit.</strong></span> <span class='ocrx_word' id='word_1_214' title='bbox 410 2657 452 2710; x_wconf 88' lang='lat' dir='ltr'><strong>Sic</strong></span> <span class='ocrx_word' id='word_1_215' title='bbox 469 2659 503 2712; x_wconf 86' lang='lat' dir='ltr'><strong>de</strong></span> <span class='ocrx_word' id='word_1_216' title='bbox 519 2673 588 2714; x_wconf 80' lang='lat' dir='ltr'><strong>terro</strong></span> <span class='ocrx_word' id='word_1_217' title='bbox 602 2661 649 2713; x_wconf 88' lang='lat' dir='ltr'><strong>Ge.</strong></span> <span class='ocrx_word' id='word_1_218' title='bbox 668 2661 708 2729; x_wconf 86' lang='lat'><strong>11,</strong></span> 
     </span>
     <span class='ocr_line' id='line_1_29' title="bbox 208 2733 708 2806; baseline 0.014 -21"><span class='ocrx_word' id='word_1_219' title='bbox 208 2733 260 2788; x_wconf 82' lang='lat'><strong>325</strong></span> <span class='ocrx_word' id='word_1_220' title='bbox 268 2767 297 2775; x_wconf 99' lang='lat'><em>-</em></span> <span class='ocrx_word' id='word_1_221' title='bbox 308 2736 368 2806; x_wconf 80' lang='lat'>3²7·</span> <span class='ocrx_word' id='word_1_222' title='bbox 378 2737 567 2792; x_wconf 77' lang='lat' dir='ltr'><strong>commentarii</strong></span> <span class='ocrx_word' id='word_1_223' title='bbox 580 2739 640 2790; x_wconf 85' lang='lat' dir='ltr'><strong>loro</strong></span> <span class='ocrx_word' id='word_1_224' title='bbox 651 2758 708 2792; x_wconf 83' lang='lat' dir='ltr'><strong>esse</strong></span> 
     </span>
     <span class='ocr_line' id='line_1_30' title="bbox 208 2815 709 2884; baseline 0.01 -19"><span class='ocrx_word' id='word_1_225' title='bbox 208 2829 321 2884; x_wconf 86' lang='lat' dir='ltr'><strong>possunt</strong></span> <span class='ocrx_word' id='word_1_226' title='bbox 338 2815 473 2870; x_wconf 83' lang='lat' dir='ltr'><strong>Ciceronis</strong></span> <span class='ocrx_word' id='word_1_227' title='bbox 490 2837 581 2870; x_wconf 85' lang='lat' dir='ltr'><strong>versus</strong></span> <span class='ocrx_word' id='word_1_228' title='bbox 599 2839 629 2871; x_wconf 85' lang='lat' dir='ltr'><strong>ex</strong></span> <span class='ocrx_word' id='word_1_229' title='bbox 642 2819 709 2871; x_wconf 91' lang='lat' dir='ltr'><strong>Con-</strong></span> 
     </span>
     <span class='ocr_line' id='line_1_31' title="bbox 209 2894 705 2962; baseline 0.016 -20"><span class='ocrx_word' id='word_1_230' title='bbox 209 2894 463 2960; x_wconf 77' lang='lat' dir='ltr'><strong>sulatu‚lih.11‚in</strong></span> <span class='ocrx_word' id='word_1_231' title='bbox 485 2896 518 2949; x_wconf 87' lang='lat' dir='ltr'><strong>de</strong></span> <span class='ocrx_word' id='word_1_232' title='bbox 536 2899 595 2950; x_wconf 85' lang='lat' dir='ltr'>Div.</span> <span class='ocrx_word' id='word_1_233' title='bbox 616 2900 642 2962; x_wconf 85' lang='lat' dir='ltr'><strong>l,</strong></span> <span class='ocrx_word' id='word_1_234' title='bbox 669 2916 705 2950; x_wconf 86' lang='lat' dir='ltr'><strong>tt.</strong></span> 
     </span>
     <span class='ocr_line' id='line_1_32' title="bbox 210 2971 708 3045; baseline 0.016 -23"><span class='ocrx_word' id='word_1_235' title='bbox 210 2971 372 3044; x_wconf 76' lang='lat' dir='ltr'><strong>comparant</strong></span> <span class='ocrx_word' id='word_1_236' title='bbox 397 2977 442 3028; x_wconf 85' lang='lat' dir='ltr'><strong>nlii</strong></span> <span class='ocrx_word' id='word_1_237' title='bbox 465 2976 539 3028; x_wconf 85' lang='lat' dir='ltr'><strong>lliad.</strong></span> <span class='ocrx_word' id='word_1_238' title='bbox 561 3000 590 3042; x_wconf 80' lang='lat' dir='ltr'><strong>r,</strong></span> <span class='ocrx_word' id='word_1_239' title='bbox 611 2979 708 3045; x_wconf 78' lang='lat'>483-</span> 
     </span>
     <span class='ocr_line' id='line_1_33' title="bbox 209 3051 709 3123; baseline 0.018 -22"><span class='ocrx_word' id='word_1_240' title='bbox 209 3051 271 3116; x_wconf 73' lang='lat'>485.</span> <span class='ocrx_word' id='word_1_241' title='bbox 288 3051 381 3102; x_wconf 76' lang='lat' dir='ltr'><strong>erolum</strong></span> <span class='ocrx_word' id='word_1_242' title='bbox 397 3073 444 3123; x_wconf 84' lang='lat' dir='ltr'><strong>pro</strong></span> <span class='ocrx_word' id='word_1_243' title='bbox 464 3074 525 3106; x_wconf 85' lang='lat' dir='ltr'><strong>aere</strong></span> <span class='ocrx_word' id='word_1_244' title='bbox 546 3056 646 3108; x_wconf 86' lang='lat' dir='ltr'><strong>dictum</strong></span> <span class='ocrx_word' id='word_1_245' title='bbox 666 3061 709 3110; x_wconf 78' lang='lat' dir='ltr'><strong>uix</strong></span> 
     </span>
     <span class='ocr_line' id='line_1_34' title="bbox 211 3127 708 3207; baseline 0.018 -28"><span class='ocrx_word' id='word_1_246' title='bbox 211 3127 332 3191; x_wconf 87' lang='lat' dir='ltr'><strong>dubitcs;</strong></span> <span class='ocrx_word' id='word_1_247' title='bbox 346 3144 372 3183; x_wconf 87' lang='lat' dir='ltr'><strong>et</strong></span> <span class='ocrx_word' id='word_1_248' title='bbox 386 3151 490 3204; x_wconf 73' lang='lat' dir='ltr'><strong>cenrpos</strong></span> <span class='ocrx_word' id='word_1_249' title='bbox 503 3131 647 3205; x_wconf 84' lang='lat' dir='ltr'><strong>liquentes,</strong></span> <span class='ocrx_word' id='word_1_250' title='bbox 660 3156 708 3207; x_wconf 90' lang='lat' dir='ltr'><strong>pro</strong></span> 
     </span>
     <span class='ocr_line' id='line_1_35' title="bbox 210 3211 709 3283; baseline 0.016 -23"><span class='ocrx_word' id='word_1_251' title='bbox 210 3211 292 3276; x_wconf 80' lang='lat' dir='ltr'><strong>inari,</strong></span> <span class='ocrx_word' id='word_1_252' title='bbox 322 3223 364 3274; x_wconf 80' lang='lat' dir='ltr'><strong>ut,</strong></span> <span class='ocrx_word' id='word_1_253' title='bbox 399 3231 489 3281; x_wconf 77' lang='lat' dir='ltr'><strong>sequor</strong></span> <span class='ocrx_word' id='word_1_254' title='bbox 517 3231 655 3283; x_wconf 81' lang='lat' dir='ltr'><strong>equarum.</strong></span> <span class='ocrx_word' id='word_1_255' title='bbox 680 3218 709 3268; x_wconf 94' lang='lat' dir='ltr'><strong>ln</strong></span> 
     </span>
     <span class='ocr_line' id='line_1_36' title="bbox 211 3291 709 3360; baseline 0.016 -21"><span class='ocrx_word' id='word_1_256' title='bbox 211 3301 307 3360; x_wconf 82' lang='lat' dir='ltr'><strong>quarto</strong></span> <span class='ocrx_word' id='word_1_257' title='bbox 320 3302 406 3342; x_wconf 85' lang='lat' dir='ltr'><strong>tumen</strong></span> <span class='ocrx_word' id='word_1_258' title='bbox 420 3291 551 3342; x_wconf 84' lang='lat' dir='ltr'><strong>elemento</strong></span> <span class='ocrx_word' id='word_1_259' title='bbox 562 3294 709 3346; x_wconf 84' lang='lat' dir='ltr'><strong>extunden-</strong></span> 
     </span>
     <span class='ocr_line' id='line_1_37' title="bbox 211 3369 710 3425; baseline 0.01 -5"><span class='ocrx_word' id='word_1_260' title='bbox 211 3369 246 3420; x_wconf 91' lang='lat' dir='ltr'><strong>do</strong></span> <span class='ocrx_word' id='word_1_261' title='bbox 259 3369 413 3422; x_wconf 82' lang='lat' dir='ltr'><strong>laborarunt</strong></span> <span class='ocrx_word' id='word_1_262' title='bbox 431 3370 611 3422; x_wconf 72' lang='lat' dir='ltr'><strong>Grammrrtici.</strong></span> <span class='ocrx_word' id='word_1_263' title='bbox 626 3373 710 3425; x_wconf 84' lang='lat' dir='ltr'><strong>Docta</strong></span> 
     </span>
     <span class='ocr_line' id='line_1_38' title="bbox 211 3463 710 3504; baseline 0.006 -3"><span class='ocrx_word' id='word_1_264' title='bbox 211 3468 242 3501; x_wconf 86' lang='lat' dir='ltr'><strong>ex</strong></span> <span class='ocrx_word' id='word_1_265' title='bbox 253 3463 314 3500; x_wconf 81' lang='lat' dir='ltr'><strong>vett.</strong></span> <span class='ocrx_word' id='word_1_266' title='bbox 325 3463 465 3502; x_wconf 82' lang='lat' dir='ltr'><strong>comment.</strong></span> <span class='ocrx_word' id='word_1_267' title='bbox 480 3465 584 3502; x_wconf 83' lang='lat' dir='ltr'><strong>servum</strong></span> <span class='ocrx_word' id='word_1_268' title='bbox 597 3467 660 3504; x_wconf 80' lang='lat' dir='ltr'><strong>note</strong></span> <span class='ocrx_word' id='word_1_269' title='bbox 671 3465 710 3504; x_wconf 85' lang='lat' dir='ltr'><strong>est</strong></span> 
     </span>
     <span class='ocr_line' id='line_1_39' title="bbox 211 3527 708 3602; baseline 0.012 -23"><span class='ocrx_word' id='word_1_270' title='bbox 211 3527 282 3600; x_wconf 81' lang='lat' dir='ltr'><strong>opud</strong></span> <span class='ocrx_word' id='word_1_271' title='bbox 296 3531 484 3602; x_wconf 82' lang='lat' dir='ltr'><strong>Pomponium,</strong></span> <span class='ocrx_word' id='word_1_272' title='bbox 500 3531 547 3582; x_wconf 88' lang='lat' dir='ltr'><strong>ubi</strong></span> <span class='ocrx_word' id='word_1_273' title='bbox 559 3533 627 3583; x_wconf 93' lang='lat' dir='ltr'><strong>inter</strong></span> <span class='ocrx_word' id='word_1_274' title='bbox 640 3531 708 3585; x_wconf 82' lang='lat' dir='ltr'><strong>alia:</strong></span> 
     </span>
     <span class='ocr_line' id='line_1_40' title="bbox 214 3609 709 3682; baseline 0.014 -26"><span class='ocrx_word' id='word_1_275' title='bbox 214 3609 386 3660; x_wconf 66' lang='lat' dir='ltr'><strong>«Ridiculum</strong></span> <span class='ocrx_word' id='word_1_276' title='bbox 400 3623 439 3660; x_wconf 86' lang='lat' dir='ltr'><strong>cst</strong></span> <span class='ocrx_word' id='word_1_277' title='bbox 451 3609 598 3682; x_wconf 79' lang='lat' dir='ltr'><strong>intelligere</strong></span> <span class='ocrx_word' id='word_1_278' title='bbox 617 3611 709 3663; x_wconf 73' lang='lat' dir='ltr'><strong>culum</strong></span> 
     </span>
     <span class='ocr_line' id='line_1_41' title="bbox 209 3687 709 3762; baseline 0.008 -22"><span class='ocrx_word' id='word_1_279' title='bbox 209 3708 260 3762; x_wconf 89' lang='lat' dir='ltr'><strong>pro</strong></span> <span class='ocrx_word' id='word_1_280' title='bbox 273 3687 373 3760; x_wconf 83' lang='lat' dir='ltr'><strong>duplici</strong></span> <span class='ocrx_word' id='word_1_281' title='bbox 387 3690 531 3752; x_wconf 81' lang='lat' dir='ltr'><strong>elemento,</strong></span> <span class='ocrx_word' id='word_1_282' title='bbox 544 3690 635 3758; x_wconf 85' lang='lat' dir='ltr'><strong>idest,</strong></span> <span class='ocrx_word' id='word_1_283' title='bbox 648 3711 709 3744; x_wconf 82' lang='lat' dir='ltr'><strong>uere</strong></span> 
     </span>
     <span class='ocr_line' id='line_1_42' title="bbox 211 3769 709 3842; baseline 0 -20"><span class='ocrx_word' id='word_1_284' title='bbox 211 3781 236 3822; x_wconf 88' lang='lat' dir='ltr'><strong>et</strong></span> <span class='ocrx_word' id='word_1_285' title='bbox 253 3771 358 3822; x_wconf 75' lang='lat' dir='ltr'><strong>uthere.</strong></span> <span class='ocrx_word' id='word_1_286' title='bbox 376 3770 494 3820; x_wconf 80' lang='lat' dir='ltr'><strong>AEmilius</strong></span> <span class='ocrx_word' id='word_1_287' title='bbox 518 3769 604 3841; x_wconf 81' lang='lat' dir='ltr'><strong>Asper</strong></span> <span class='ocrx_word' id='word_1_288' title='bbox 627 3789 709 3842; x_wconf 87' lang='lat' dir='ltr'><strong>quum</strong></span> 
     </span>
     <span class='ocr_line' id='line_1_43' title="bbox 210 3847 707 3914; baseline 0 -12"><span class='ocrx_word' id='word_1_289' title='bbox 210 3847 282 3904; x_wconf 84' lang='lat' dir='ltr'><strong>hunc</strong></span> <span class='ocrx_word' id='word_1_290' title='bbox 301 3849 389 3900; x_wconf 87' lang='lat' dir='ltr'><strong>locum</strong></span> <span class='ocrx_word' id='word_1_291' title='bbox 416 3861 571 3914; x_wconf 81' lang='lat' dir='ltr'><strong>annotaret,</strong></span> <span class='ocrx_word' id='word_1_292' title='bbox 593 3852 631 3902; x_wconf 89' lang='lat' dir='ltr'><strong>sic</strong></span> <span class='ocrx_word' id='word_1_293' title='bbox 653 3853 707 3902; x_wconf 79' lang='lat' dir='ltr'><strong>ait:</strong></span> 
     </span>
     <span class='ocr_line' id='line_1_44' title="bbox 213 3930 707 4004; baseline 0.014 -27"><span class='ocrx_word' id='word_1_294' title='bbox 213 3953 224 3977; x_wconf 76' lang='grc' dir='ltr'>ι</span> <span class='ocrx_word' id='word_1_295' title='bbox 235 3930 355 3981; x_wconf 81' lang='lat' dir='ltr'><strong>Membro</strong></span> <span class='ocrx_word' id='word_1_296' title='bbox 363 3941 463 3981; x_wconf 81' lang='lat' dir='ltr'><strong>nuturae</strong></span> <span class='ocrx_word' id='word_1_297' title='bbox 471 3931 509 3980; x_wconf 88' lang='lat' dir='ltr'><strong>sic</strong></span> <span class='ocrx_word' id='word_1_298' title='bbox 521 3930 587 3981; x_wconf 88' lang='lat' dir='ltr'><strong>solet</strong></span> <span class='ocrx_word' id='word_1_299' title='bbox 597 3933 707 4004; x_wconf 67' lang='lat' dir='ltr'><strong>jungere</strong></span> 
     </span>
     <span class='ocr_line' id='line_1_45' title="bbox 209 4009 708 4080; baseline 0.014 -22"><span class='ocrx_word' id='word_1_300' title='bbox 209 4010 352 4080; x_wconf 71' lang='lat' dir='ltr'><strong>Virgilius,</strong></span> <span class='ocrx_word' id='word_1_301' title='bbox 366 4023 393 4060; x_wconf 92' lang='lat' dir='ltr'><strong>ut</strong></span> <span class='ocrx_word' id='word_1_302' title='bbox 406 4013 433 4060; x_wconf 91' lang='lat' dir='ltr'><strong>in</strong></span> <span class='ocrx_word' id='word_1_303' title='bbox 445 4011 496 4062; x_wconf 84' lang='lat' dir='ltr'><strong>triu</strong></span> <span class='ocrx_word' id='word_1_304' title='bbox 511 4009 626 4073; x_wconf 81' lang='lat' dir='ltr'><strong>diuidat,</strong></span> <span class='ocrx_word' id='word_1_305' title='bbox 646 4031 708 4064; x_wconf 82' lang='lat' dir='ltr'><strong>nom</strong></span> 
     </span>
     <span class='ocr_line' id='line_1_46' title="bbox 209 4089 709 4165; baseline 0.006 -24"><span class='ocrx_word' id='word_1_306' title='bbox 209 4102 234 4141; x_wconf 85' lang='lat' dir='ltr'><strong>et</strong></span> <span class='ocrx_word' id='word_1_307' title='bbox 248 4089 310 4142; x_wconf 81' lang='lat' dir='ltr'><strong>aiibi</strong></span> <span class='ocrx_word' id='word_1_308' title='bbox 322 4112 328 4141; x_wconf 86' lang='lat'>:</span> <span class='ocrx_word' id='word_1_309' title='bbox 342 4090 427 4142; x_wconf 76' lang='lat' dir='ltr'><strong>maria</strong></span> <span class='ocrx_word' id='word_1_310' title='bbox 435 4106 468 4160; x_wconf 78' lang='lat' dir='ltr'><strong>ee</strong></span> <span class='ocrx_word' id='word_1_311' title='bbox 477 4101 554 4144; x_wconf 81' lang='lat' dir='ltr'><strong>terres</strong></span> <span class='ocrx_word' id='word_1_312' title='bbox 564 4089 709 4165; x_wconf 77' lang='lat' dir='ltr'><strong>celumque</strong></span> 
     </span>
    </p>
   </div>
   <div class='ocr_carea' id='block_1_10' title="bbox 757 1867 1263 4164">
    <p class='ocr_par' dir='ltr' id='par_1_10' title="bbox 757 1867 1263 3424">
     <span class='ocr_line' id='line_1_47' title="bbox 757 1867 1260 1936; baseline -0.002 -19"><span class='ocrx_word' id='word_1_313' title='bbox 757 1869 804 1936; x_wconf 88' lang='lat' dir='ltr'><strong>qui</strong></span> <span class='ocrx_word' id='word_1_314' title='bbox 825 1869 878 1919; x_wconf 82' lang='lat' dir='ltr'><strong>uit:</strong></span> <span class='ocrx_word' id='word_1_315' title='bbox 902 1869 955 1935; x_wconf 92' lang='lat' dir='ltr'><strong>Qui</strong></span> <span class='ocrx_word' id='word_1_316' title='bbox 980 1881 1026 1918; x_wconf 92' lang='lat' dir='ltr'><strong>tuo</strong></span> <span class='ocrx_word' id='word_1_317' title='bbox 1047 1867 1148 1918; x_wconf 88' lang='lat' dir='ltr'><strong>lumine</strong></span> <span class='ocrx_word' id='word_1_318' title='bbox 1173 1883 1260 1926; x_wconf 80' lang='lat' dir='ltr'><strong>mare,</strong></span> 
     </span>
     <span class='ocr_line' id='line_1_48' title="bbox 760 1943 1263 2011; baseline -0.006 -15"><span class='ocrx_word' id='word_1_319' title='bbox 760 1957 873 2010; x_wconf 83' lang='lat' dir='ltr'><strong>terram,</strong></span> <span class='ocrx_word' id='word_1_320' title='bbox 886 1947 995 2011; x_wconf 76' lang='lat' dir='ltr'><strong>culum,</strong></span> <span class='ocrx_word' id='word_1_321' title='bbox 1012 1947 1141 1998; x_wconf 86' lang='lat' dir='ltr'><strong>contines.</strong></span> <span class='ocrx_word' id='word_1_322' title='bbox 1153 1967 1163 1990; x_wconf 82' lang='grc' dir='ltr'><strong>ι</strong></span> <span class='ocrx_word' id='word_1_323' title='bbox 1188 1943 1263 1994; x_wconf 81' lang='lat' dir='ltr'><strong>Tite·</strong></span> 
     </span>
     <span class='ocr_line' id='line_1_49' title="bbox 760 2021 1263 2095; baseline -0.004 -21"><span class='ocrx_word' id='word_1_324' title='bbox 760 2023 805 2074; x_wconf 83' lang='lat' dir='ltr'><strong>nie</strong></span> <span class='ocrx_word' id='word_1_325' title='bbox 818 2035 895 2076; x_wconf 83' lang='lat' dir='ltr'><strong>astra.</strong></span> <span class='ocrx_word' id='word_1_326' title='bbox 910 2026 946 2076; x_wconf 84' lang='lat' dir='ltr'><strong>Ex</strong></span> <span class='ocrx_word' id='word_1_327' title='bbox 959 2027 1005 2086; x_wconf 84' lang='lat' dir='ltr'><strong>iis,</strong></span> <span class='ocrx_word' id='word_1_328' title='bbox 1017 2043 1075 2095; x_wconf 71' lang='lat' dir='ltr'><strong>ques</strong></span> <span class='ocrx_word' id='word_1_329' title='bbox 1084 2021 1263 2094; x_wconf 83' lang='lat' dir='ltr'><strong>opudDiodo·</strong></span> 
     </span>
     <span class='ocr_line' id='line_1_50' title="bbox 759 2100 1262 2172; baseline 0 -21"><span class='ocrx_word' id='word_1_330' title='bbox 759 2120 817 2152; x_wconf 88' lang='lat' dir='ltr'><strong>rum</strong></span> <span class='ocrx_word' id='word_1_331' title='bbox 831 2116 1001 2172; x_wconf 77' lang='lat' dir='ltr'><strong>exponuntur</strong></span> <span class='ocrx_word' id='word_1_332' title='bbox 1015 2105 1025 2171; x_wconf 94' lang='lat'>(</span> <span class='ocrx_word' id='word_1_333' title='bbox 1039 2103 1123 2153; x_wconf 81' lang='lat' dir='ltr'><strong>altero</strong></span> <span class='ocrx_word' id='word_1_334' title='bbox 1142 2100 1203 2154; x_wconf 86' lang='lat' dir='ltr'><strong>loeo</strong></span> <span class='ocrx_word' id='word_1_335' title='bbox 1221 2103 1262 2165; x_wconf 86' lang='lat' dir='ltr'><strong>V,</strong></span> 
     </span>
     <span class='ocr_line' id='line_1_51' title="bbox 759 2178 1261 2248; baseline 0 -18"><span class='ocrx_word' id='word_1_336' title='bbox 759 2180 795 2230; x_wconf 73' lang='grc'><strong>66</strong></span> <span class='ocrx_word' id='word_1_337' title='bbox 814 2181 906 2233; x_wconf 78' lang='lat' dir='ltr'><strong>fabulo</strong></span> <span class='ocrx_word' id='word_1_338' title='bbox 927 2182 1045 2240; x_wconf 80' lang='lat' dir='ltr'><strong>Cretica,</strong></span> <span class='ocrx_word' id='word_1_339' title='bbox 1066 2181 1149 2232; x_wconf 85' lang='lat' dir='ltr'><strong>altero</strong></span> <span class='ocrx_word' id='word_1_340' title='bbox 1168 2178 1261 2248; x_wconf 85' lang='lat' dir='ltr'><strong>1t1,57</strong></span> 
     </span>
     <span class='ocr_line' id='line_1_52' title="bbox 760 2257 1262 2332; baseline 0 -24"><span class='ocrx_word' id='word_1_341' title='bbox 760 2257 858 2330; x_wconf 72' lang='lat' dir='ltr'><strong>Libyca</strong></span> <span class='ocrx_word' id='word_1_342' title='bbox 870 2260 893 2332; x_wconf 77' lang='grc'><strong>),</strong></span> <span class='ocrx_word' id='word_1_343' title='bbox 910 2260 975 2312; x_wconf 88' lang='lat' dir='ltr'><strong>nihil</strong></span> <span class='ocrx_word' id='word_1_344' title='bbox 986 2261 1065 2312; x_wconf 81' lang='lat' dir='ltr'><strong>focile</strong></span> <span class='ocrx_word' id='word_1_345' title='bbox 1074 2258 1127 2311; x_wconf 84' lang='lat' dir='ltr'><strong>huc</strong></span> <span class='ocrx_word' id='word_1_346' title='bbox 1142 2261 1262 2309; x_wconf 81' lang='lat' dir='ltr'><strong>revocari</strong></span> 
     </span>
     <span class='ocr_line' id='line_1_53' title="bbox 760 2337 1263 2408; baseline -0.006 -17"><span class='ocrx_word' id='word_1_347' title='bbox 760 2351 862 2408; x_wconf 62' lang='lat' dir='ltr'><strong>potem</strong></span> <span class='ocrx_word' id='word_1_348' title='bbox 876 2359 940 2406; x_wconf 76' lang='lat' dir='ltr'><strong>neo,</strong></span> <span class='ocrx_word' id='word_1_349' title='bbox 953 2340 1040 2392; x_wconf 82' lang='lat' dir='ltr'><strong>sideru</strong></span> <span class='ocrx_word' id='word_1_350' title='bbox 1054 2337 1086 2390; x_wconf 84' lang='lat' dir='ltr'><strong>ad</strong></span> <span class='ocrx_word' id='word_1_351' title='bbox 1097 2339 1205 2388; x_wconf 74' lang='lat' dir='ltr'><strong>Titanes</strong></span> <span class='ocrx_word' id='word_1_352' title='bbox 1225 2356 1263 2388; x_wconf 91' lang='lat' dir='ltr'><strong>re·</strong></span> 
     </span>
     <span class='ocr_line' id='line_1_54' title="bbox 760 2417 1260 2490; baseline -0.006 -22"><span class='ocrx_word' id='word_1_353' title='bbox 760 2417 834 2480; x_wconf 78' lang='lat' dir='ltr'><strong>ferri,</strong></span> <span class='ocrx_word' id='word_1_354' title='bbox 841 2421 1000 2490; x_wconf 87' lang='lat' dir='ltr'><strong>scriptorum</strong></span> <span class='ocrx_word' id='word_1_355' title='bbox 1008 2437 1057 2468; x_wconf 89' lang='lat' dir='ltr'><strong>usu</strong></span> <span class='ocrx_word' id='word_1_356' title='bbox 1066 2430 1104 2470; x_wconf 85' lang='lat' dir='ltr'><strong>est</strong></span> <span class='ocrx_word' id='word_1_357' title='bbox 1116 2417 1260 2486; x_wconf 78' lang='lat' dir='ltr'><strong>cognitum.</strong></span> 
     </span>
     <span class='ocr_line' id='line_1_55' title="bbox 761 2495 1263 2570; baseline -0.008 -20"><span class='ocrx_word' id='word_1_358' title='bbox 761 2499 844 2570; x_wconf 74' lang='lat' dir='ltr'><strong>Igitur</strong></span> <span class='ocrx_word' id='word_1_359' title='bbox 856 2501 961 2554; x_wconf 88' lang='lat' dir='ltr'><strong>Servius</strong></span> <span class='ocrx_word' id='word_1_360' title='bbox 982 2497 1148 2569; x_wconf 86' lang='lat' dir='ltr'><strong>sequendus,</strong></span> <span class='ocrx_word' id='word_1_361' title='bbox 1169 2497 1214 2566; x_wconf 91' lang='lat' dir='ltr'><strong>qui</strong></span> <span class='ocrx_word' id='word_1_362' title='bbox 1228 2495 1263 2546; x_wconf 84' lang='lat' dir='ltr'><strong>ul·</strong></span> 
     </span>
     <span class='ocr_line' id='line_1_56' title="bbox 761 2576 1261 2648; baseline -0.004 -20"><span class='ocrx_word' id='word_1_363' title='bbox 761 2591 819 2629; x_wconf 89' lang='lat' dir='ltr'><strong>tero</strong></span> <span class='ocrx_word' id='word_1_364' title='bbox 851 2579 911 2630; x_wconf 89' lang='lat' dir='ltr'><strong>loco</strong></span> <span class='ocrx_word' id='word_1_365' title='bbox 944 2576 1030 2630; x_wconf 84' lang='lat' dir='ltr'><strong>Solem</strong></span> <span class='ocrx_word' id='word_1_366' title='bbox 1063 2579 1261 2648; x_wconf 85' lang='lat' dir='ltr'><strong>interpretatur.</strong></span> 
     </span>
     <span class='ocr_line' id='line_1_57' title="bbox 759 2659 1262 2728; baseline -0.01 -18"><span class='ocrx_word' id='word_1_367' title='bbox 759 2659 864 2710; x_wconf 85' lang='lat' dir='ltr'><strong>Dictum</strong></span> <span class='ocrx_word' id='word_1_368' title='bbox 879 2659 979 2712; x_wconf 86' lang='lat' dir='ltr'><strong>scilieet</strong></span> <span class='ocrx_word' id='word_1_369' title='bbox 991 2659 1097 2728; x_wconf 87' lang='lat' dir='ltr'><strong>poetico</strong></span> <span class='ocrx_word' id='word_1_370' title='bbox 1106 2676 1188 2720; x_wconf 81' lang='lat' dir='ltr'><strong>more,</strong></span> <span class='ocrx_word' id='word_1_371' title='bbox 1202 2675 1262 2728; x_wconf 78' lang='lat' dir='ltr'><strong>pro,</strong></span> 
     </span>
     <span class='ocr_line' id='line_1_58' title="bbox 758 2737 1263 2808; baseline -0.004 -20"><span class='ocrx_word' id='word_1_372' title='bbox 758 2749 856 2790; x_wconf 84' lang='lat' dir='ltr'><strong>astrum</strong></span> <span class='ocrx_word' id='word_1_373' title='bbox 869 2738 1006 2790; x_wconf 82' lang='lat' dir='ltr'><strong>Titanium</strong></span> <span class='ocrx_word' id='word_1_374' title='bbox 1015 2775 1024 2803; x_wconf 93' lang='lat'>,</span> <span class='ocrx_word' id='word_1_375' title='bbox 1034 2737 1061 2788; x_wconf 87' lang='lat' dir='ltr'><strong>h.</strong></span> <span class='ocrx_word' id='word_1_376' title='bbox 1073 2758 1096 2790; x_wconf 89' lang='lat' dir='ltr'><strong>e.</strong></span> <span class='ocrx_word' id='word_1_377' title='bbox 1107 2737 1201 2800; x_wconf 76' lang='lat' dir='ltr'><strong>Titan,</strong></span> <span class='ocrx_word' id='word_1_378' title='bbox 1213 2737 1263 2808; x_wconf 71' lang='lat' dir='ltr'><strong>Hy·</strong></span> 
     </span>
     <span class='ocr_line' id='line_1_59' title="bbox 759 2817 1262 2890; baseline -0.004 -20"><span class='ocrx_word' id='word_1_379' title='bbox 759 2821 868 2890; x_wconf 80' lang='lat' dir='ltr'><strong>porion,</strong></span> <span class='ocrx_word' id='word_1_380' title='bbox 882 2838 928 2874; x_wconf 81' lang='lat' dir='ltr'><strong>teu</strong></span> <span class='ocrx_word' id='word_1_381' title='bbox 943 2818 1003 2884; x_wconf 83' lang='lat' dir='ltr'><strong>sot,</strong></span> <span class='ocrx_word' id='word_1_382' title='bbox 1015 2829 1045 2868; x_wconf 88' lang='lat' dir='ltr'><strong>ut</strong></span> <span class='ocrx_word' id='word_1_383' title='bbox 1060 2817 1104 2884; x_wconf 84' lang='lat' dir='ltr'><strong>lV,</strong></span> <span class='ocrx_word' id='word_1_384' title='bbox 1121 2834 1177 2886; x_wconf 87' lang='lat'>¹¹9·</span> <span class='ocrx_word' id='word_1_385' title='bbox 1190 2817 1262 2868; x_wconf 89' lang='lat' dir='ltr'><strong>Tita-</strong></span> 
     </span>
     <span class='ocr_line' id='line_1_60' title="bbox 757 2897 1262 2966; baseline -0.006 -17"><span class='ocrx_word' id='word_1_386' title='bbox 757 2899 802 2950; x_wconf 85' lang='lat' dir='ltr'><strong>nia</strong></span> <span class='ocrx_word' id='word_1_387' title='bbox 812 2898 901 2963; x_wconf 77' lang='lat' dir='ltr'><strong>Luna,</strong></span> <span class='ocrx_word' id='word_1_388' title='bbox 915 2898 955 2950; x_wconf 84' lang='lat' dir='ltr'><strong>vel</strong></span> <span class='ocrx_word' id='word_1_389' title='bbox 964 2897 1050 2950; x_wconf 81' lang='lat' dir='ltr'><strong>Diana</strong></span> <span class='ocrx_word' id='word_1_390' title='bbox 1062 2899 1157 2966; x_wconf 81' lang='lat' dir='ltr'><strong>stepius</strong></span> <span class='ocrx_word' id='word_1_391' title='bbox 1169 2915 1262 2947; x_wconf 86' lang='lat' dir='ltr'><strong>occur·</strong></span> 
     </span>
     <span class='ocr_line' id='line_1_61' title="bbox 758 2973 1260 3048; baseline -0.002 -22"><span class='ocrx_word' id='word_1_392' title='bbox 758 2978 808 3040; x_wconf 76' lang='lat' dir='ltr'><strong>rit,</strong></span> <span class='ocrx_word' id='word_1_393' title='bbox 821 2977 957 3048; x_wconf 83' lang='lat' dir='ltr'><strong>Apollonii</strong></span> <span class='ocrx_word' id='word_1_394' title='bbox 969 2974 1105 3045; x_wconf 85' lang='lat' dir='ltr'><strong>exemplo:</strong></span> <span class='ocrx_word' id='word_1_395' title='bbox 1116 2973 1202 3028; x_wconf 72' lang='lat' dir='ltr'><strong>Terris</strong></span> <span class='ocrx_word' id='word_1_396' title='bbox 1214 2974 1260 3026; x_wconf 86' lang='lat' dir='ltr'><strong>lib·</strong></span> 
     </span>
     <span class='ocr_line' id='line_1_62' title="bbox 758 3054 1262 3124; baseline -0.006 -19"><span class='ocrx_word' id='word_1_397' title='bbox 758 3057 808 3120; x_wconf 82' lang='lat' dir='ltr'><strong>1V,</strong></span> <span class='ocrx_word' id='word_1_398' title='bbox 822 3056 870 3122; x_wconf 65' lang='grc'><strong>54,</strong></span> <span class='ocrx_word' id='word_1_399' title='bbox 883 3057 929 3108; x_wconf 89' lang='lat' dir='ltr'><strong>ubi</strong></span> <span class='ocrx_word' id='word_1_400' title='bbox 939 3075 964 3106; x_wconf 78' lang='lat' dir='ltr'><strong>r.</strong></span> <span class='ocrx_word' id='word_1_401' title='bbox 978 3054 1262 3124; x_wconf 61' lang='grc' dir='ltr'><strong>801101’-7’7·’Μ9·</strong></span> 
     </span>
     <span class='ocr_line' id='line_1_63' title="bbox 759 3132 1261 3207; baseline -0.008 -21"><span class='ocrx_word' id='word_1_402' title='bbox 759 3153 792 3186; x_wconf 87' lang='lat' dir='ltr'><strong>no</strong></span> <span class='ocrx_word' id='word_1_403' title='bbox 800 3155 825 3186; x_wconf 82' lang='lat' dir='ltr'><strong>so</strong></span> <span class='ocrx_word' id='word_1_404' title='bbox 835 3155 941 3207; x_wconf 81' lang='lat' dir='ltr'><strong>corpore</strong></span> <span class='ocrx_word' id='word_1_405' title='bbox 950 3135 1037 3188; x_wconf 80' lang='lat' dir='ltr'><strong>miscet</strong></span> <span class='ocrx_word' id='word_1_406' title='bbox 1046 3134 1146 3184; x_wconf 89' lang='lat' dir='ltr'><strong>dictum</strong></span> <span class='ocrx_word' id='word_1_407' title='bbox 1155 3132 1261 3183; x_wconf 86' lang='lat' dir='ltr'><strong>doctius</strong></span> 
     </span>
     <span class='ocr_line' id='line_1_64' title="bbox 760 3211 1259 3287; baseline -0.004 -23"><span class='ocrx_word' id='word_1_408' title='bbox 760 3231 838 3283; x_wconf 82' lang='lat' dir='ltr'><strong>quam</strong></span> <span class='ocrx_word' id='word_1_409' title='bbox 858 3217 964 3287; x_wconf 84' lang='lat' dir='ltr'><strong>corpori</strong></span> <span class='ocrx_word' id='word_1_410' title='bbox 984 3216 1124 3276; x_wconf 85' lang='lat' dir='ltr'><strong>miscetur,</strong></span> <span class='ocrx_word' id='word_1_411' title='bbox 1144 3211 1259 3264; x_wconf 88' lang='lat' dir='ltr'><strong>inditur:</strong></span> 
     </span>
     <span class='ocr_line' id='line_1_65' title="bbox 758 3291 1263 3362; baseline 0 -20"><span class='ocrx_word' id='word_1_412' title='bbox 758 3305 903 3362; x_wconf 77' lang='lat' dir='ltr'><strong>pectorum</strong></span> <span class='ocrx_word' id='word_1_413' title='bbox 916 3293 1045 3345; x_wconf 90' lang='lat' dir='ltr'><strong>mundum</strong></span> <span class='ocrx_word' id='word_1_414' title='bbox 1058 3291 1143 3344; x_wconf 83' lang='lat' dir='ltr'><strong>didita</strong></span> <span class='ocrx_word' id='word_1_415' title='bbox 1153 3304 1193 3344; x_wconf 85' lang='lat' dir='ltr'><strong>est</strong></span> <span class='ocrx_word' id='word_1_416' title='bbox 1206 3293 1263 3343; x_wconf 82' lang='lat' dir='ltr'><strong>uni·</strong></span> 
     </span>
     <span class='ocr_line' id='line_1_66' title="bbox 758 3373 917 3424; baseline 0 0"><span class='ocrx_word' id='word_1_417' title='bbox 758 3373 917 3424; x_wconf 82' lang='lat' dir='ltr'><strong>mamundi.</strong></span> 
     </span>
    </p>

    <p class='ocr_par' dir='ltr' id='par_1_11' title="bbox 758 3449 1262 4164">
     <span class='ocr_line' id='line_1_67' title="bbox 795 3449 1261 3523; baseline 0 -20"><span class='ocrx_word' id='word_1_418' title='bbox 795 3453 845 3523; x_wconf 77' lang='lat'><strong>728</strong></span> <span class='ocrx_word' id='word_1_419' title='bbox 870 3471 909 3522; x_wconf 89' lang='lat' dir='ltr'><strong>sq.</strong></span> <span class='ocrx_word' id='word_1_420' title='bbox 940 3451 1004 3504; x_wconf 84' lang='lat' dir='ltr'><strong>Inde</strong></span> <span class='ocrx_word' id='word_1_421' title='bbox 1029 3469 1060 3502; x_wconf 83' lang='lat' dir='ltr'><strong>ex</strong></span> <span class='ocrx_word' id='word_1_422' title='bbox 1092 3449 1142 3502; x_wconf 79' lang='lat' dir='ltr'><strong>hec</strong></span> <span class='ocrx_word' id='word_1_423' title='bbox 1171 3449 1261 3504; x_wconf 80' lang='lat' dir='ltr'><strong>Metus</strong></span> 
     </span>
     <span class='ocr_line' id='line_1_68' title="bbox 759 3529 1261 3600; baseline -0.004 -16"><span class='ocrx_word' id='word_1_424' title='bbox 759 3531 853 3584; x_wconf 87' lang='lat' dir='ltr'><strong>Mundi</strong></span> <span class='ocrx_word' id='word_1_425' title='bbox 867 3533 973 3596; x_wconf 84' lang='lat' dir='ltr'><strong>omniu,</strong></span> <span class='ocrx_word' id='word_1_426' title='bbox 985 3530 1122 3594; x_wconf 85' lang='lat' dir='ltr'><strong>homines,</strong></span> <span class='ocrx_word' id='word_1_427' title='bbox 1135 3529 1261 3600; x_wconf 84' lang='lat' dir='ltr'><strong>pecudes,</strong></span> 
     </span>
     <span class='ocr_line' id='line_1_69' title="bbox 760 3609 1262 3681; baseline -0.008 -15"><span class='ocrx_word' id='word_1_428' title='bbox 760 3613 851 3676; x_wconf 75' lang='lat' dir='ltr'><strong>alites,</strong></span> <span class='ocrx_word' id='word_1_429' title='bbox 869 3611 1012 3681; x_wconf 77' lang='lat' dir='ltr'><strong>aquatilia,</strong></span> <span class='ocrx_word' id='word_1_430' title='bbox 1025 3619 1103 3672; x_wconf 83' lang='lat' dir='ltr'><strong>sunt,</strong></span> <span class='ocrx_word' id='word_1_431' title='bbox 1117 3609 1142 3660; x_wconf 82' lang='lat' dir='ltr'><strong>l).</strong></span> <span class='ocrx_word' id='word_1_432' title='bbox 1163 3629 1187 3661; x_wconf 88' lang='lat' dir='ltr'><strong>e.</strong></span> <span class='ocrx_word' id='word_1_433' title='bbox 1208 3613 1262 3662; x_wconf 86' lang='lat' dir='ltr'><strong>aui·</strong></span> 
     </span>
     <span class='ocr_line' id='line_1_70' title="bbox 759 3689 1259 3744; baseline -0.004 0"><span class='ocrx_word' id='word_1_434' title='bbox 759 3711 828 3744; x_wconf 86' lang='lat' dir='ltr'><strong>mum</strong></span> <span class='ocrx_word' id='word_1_435' title='bbox 842 3705 867 3744; x_wconf 91' lang='lat' dir='ltr'><strong>et</strong></span> <span class='ocrx_word' id='word_1_436' title='bbox 884 3692 964 3742; x_wconf 83' lang='lat' dir='ltr'><strong>vitum</strong></span> <span class='ocrx_word' id='word_1_437' title='bbox 986 3689 1094 3742; x_wconf 81' lang='lat' dir='ltr'><strong>habent.</strong></span> <span class='ocrx_word' id='word_1_438' title='bbox 1118 3691 1188 3742; x_wconf 82' lang='lat' dir='ltr'><strong>conf.</strong></span> <span class='ocrx_word' id='word_1_439' title='bbox 1212 3691 1259 3743; x_wconf 88' lang='lat' dir='ltr'><strong>Ge.</strong></span> 
     </span>
     <span class='ocr_line' id='line_1_71' title="bbox 758 3768 1261 3842; baseline -0.002 -19"><span class='ocrx_word' id='word_1_440' title='bbox 758 3769 975 3838; x_wconf 78' lang='lat' dir='ltr'><strong>IV‚218-226</strong></span> <span class='ocrx_word' id='word_1_441' title='bbox 993 3768 1041 3820; x_wconf 84' lang='lat' dir='ltr'><strong>His</strong></span> <span class='ocrx_word' id='word_1_442' title='bbox 1057 3768 1166 3841; x_wconf 84' lang='lat' dir='ltr'><strong>quidam</strong></span> <span class='ocrx_word' id='word_1_443' title='bbox 1180 3770 1261 3842; x_wconf 78' lang='lat' dir='ltr'><strong>siquis</strong></span> 
     </span>
     <span class='ocr_line' id='line_1_72' title="bbox 760 3849 1261 3922; baseline -0.004 -18"><span class='ocrx_word' id='word_1_444' title='bbox 760 3864 810 3904; x_wconf 89' lang='lat' dir='ltr'><strong>etc.</strong></span> <span class='ocrx_word' id='word_1_445' title='bbox 828 3853 914 3904; x_wconf 84' lang='lat' dir='ltr'><strong>Deum</strong></span> <span class='ocrx_word' id='word_1_446' title='bbox 929 3867 1043 3922; x_wconf 85' lang='lat' dir='ltr'><strong>namque</strong></span> <span class='ocrx_word' id='word_1_447' title='bbox 1061 3849 1097 3900; x_wconf 84' lang='lat' dir='ltr'><strong>ire</strong></span> <span class='ocrx_word' id='word_1_448' title='bbox 1109 3867 1159 3920; x_wconf 83' lang='lat' dir='ltr'><strong>per</strong></span> <span class='ocrx_word' id='word_1_449' title='bbox 1173 3867 1261 3902; x_wconf 80' lang='lat' dir='ltr'><strong>ornnes</strong></span> 
     </span>
     <span class='ocr_line' id='line_1_73' title="bbox 760 3929 1261 4002; baseline -0.004 -20"><span class='ocrx_word' id='word_1_450' title='bbox 760 3932 904 4002; x_wconf 79' lang='lat' dir='ltr'><strong>Terrorque</strong></span> <span class='ocrx_word' id='word_1_451' title='bbox 915 3939 1062 4000; x_wconf 84' lang='lat' dir='ltr'><strong>tractusque</strong></span> <span class='ocrx_word' id='word_1_452' title='bbox 1070 3929 1149 3980; x_wconf 83' lang='lat' dir='ltr'><strong>murr&#39;s</strong></span> <span class='ocrx_word' id='word_1_453' title='bbox 1156 3929 1261 3980; x_wconf 75' lang='lat' dir='ltr'><strong>cetum-</strong></span> 
     </span>
     <span class='ocr_line' id='line_1_74' title="bbox 758 4009 1260 4084; baseline -0.004 -23"><span class='ocrx_word' id='word_1_454' title='bbox 758 4031 809 4084; x_wconf 87' lang='lat' dir='ltr'><strong>que</strong></span> <span class='ocrx_word' id='word_1_455' title='bbox 832 4009 995 4082; x_wconf 85' lang='lat' dir='ltr'><strong>profundum</strong></span> <span class='ocrx_word' id='word_1_456' title='bbox 1006 4048 1014 4074; x_wconf 92' lang='lat'><em>‚</em></span> <span class='ocrx_word' id='word_1_457' title='bbox 1034 4009 1106 4060; x_wconf 85' lang='lat' dir='ltr'><strong>Hinc</strong></span> <span class='ocrx_word' id='word_1_458' title='bbox 1115 4039 1149 4048; x_wconf 89' lang='lat'><strong>--</strong></span> <span class='ocrx_word' id='word_1_459' title='bbox 1161 4011 1260 4080; x_wconf 85' lang='lat' dir='ltr'><strong>Quem-</strong></span> 
     </span>
     <span class='ocr_line' id='line_1_75' title="bbox 759 4091 1260 4164; baseline 0 -22"><span class='ocrx_word' id='word_1_460' title='bbox 759 4091 871 4164; x_wconf 80' lang='lat' dir='ltr'><strong>quesibi</strong></span> <span class='ocrx_word' id='word_1_461' title='bbox 881 4101 968 4142; x_wconf 82' lang='lat' dir='ltr'><strong>tenues</strong></span> <span class='ocrx_word' id='word_1_462' title='bbox 978 4099 1125 4143; x_wconf 82' lang='lat' dir='ltr'><strong>noscentem</strong></span> <span class='ocrx_word' id='word_1_463' title='bbox 1137 4108 1260 4142; x_wconf 82' lang='lat' dir='ltr'><strong>arcessere</strong></span> 
     </span>
    </p>
   </div>
   <div class='ocr_carea' id='block_1_11' title="bbox 0 0 1516 4682">
    <p class='ocr_par' dir='ltr' id='par_1_12' title="bbox 0 0 1516 4682">
     <span class='ocr_line' id='line_1_76' title="bbox 0 0 1516 4682; baseline 0 0"><span class='ocrx_word' id='word_1_464' title='bbox 0 0 1516 4682; x_wconf 95' lang='lat' dir='ltr'><strong> </strong></span> 
     </span>
    </p>
   </div>
  </div>
 </body>
</html>
