3028 4682
531 415 592 480 in
615 415 816 480 ernnust
837 413 900 478 vr.
958 383 961 390 ’
1174 413 1235 479 233

200 537 270 590 Boni
284 537 318 608 of
322 537 365 588 tlte
376 537 487 604 AEneid,
500 538 584 590 Lond.
599 555 673 609 ¹770·
682 539 692 610 )
701 537 792 608 paullo
804 538 889 589 scrius
900 553 978 606 quarn
989 535 1066 600 velis,
1076 536 1237 608 perstrinxit.
1296 543 1300 556 ¹

201 618 259 668 Hoc
270 617 394 687 equidem
404 620 472 670 inter
485 629 573 670 cetera
583 617 764 670 doctissimum
774 616 913 668 Praesulem
923 617 1041 686 posuisse
1049 615 1144 679 nolim,
1155 631 1240 685 quan-

201 696 347 768 doquidem
360 695 388 748 id
401 698 588 750 alienissimum
603 711 643 751 est
662 698 696 750 ab
712 696 844 762 AEneidis‚
862 696 1001 766 omnisque
1017 697 1140 748 carminis
1153 694 1241 764 epici,

200 789 297 827 nature
309 788 335 828 et
347 778 472 844 consilio,
483 791 604 850 poetam,
620 779 737 830 Platonis
757 797 788 829 uc
799 777 935 829 Ciceronis
947 775 1081 846 exemplo,
1093 771 1241 845 rempubli-

201 871 261 904 cam
270 858 386 909 carmine
398 859 475 928 epico
484 856 612 924 condere,
624 857 786 928 AEneamquc
796 855 977 928 legumlatoris
986 856 1098 926 perlecti
1107 851 1241 922 exemplar

201 951 352 1004 proponere
363 938 492 1004 soluisse3
502 955 609 1010 quoque
622 936 701 989 modo
714 939 844 990 Homerus
856 935 987 1000 ethicum,
998 955 1029 988 ac
1043 935 1169 985 Miltonus
1181 927 1243 981 reli-

202 1015 305 1084 giosum
323 1015 470 1082 ediderint,
489 1019 526 1070 ita
544 1037 561 1070 a
581 1017 693 1090 Virgilio
713 1017 789 1070 civile
803 1035 849 1068 seu
865 1015 1003 1087 politicum
1022 1031 1087 1085 epos
1105 1011 1242 1064 conditum

203 1110 270 1144 esse.
283 1095 338 1146 Nec
350 1099 436 1149 minus
448 1098 505 1150 leve
519 1111 546 1150 ct
557 1097 689 1150 infirmum
702 1111 754 1162 est,
768 1097 841 1168 quod
855 1097 940 1149 altero
951 1096 1012 1147 loro
1023 1095 1127 1166 posuit,
1141 1089 1243 1141 nullum

204 1169 306 1242 legibus
316 1176 433 1228 ferendis
446 1177 571 1229 idoneum
582 1179 667 1228 virum
680 1176 744 1228 olim
756 1178 851 1242 luisse,
865 1179 928 1248 quin
940 1175 1041 1228 arcanis
1057 1173 1138 1224 sacris
1154 1169 1244 1220 initia·

205 1261 248 1301 tus
261 1267 337 1304 esset.
348 1254 453 1321 Quotus
463 1257 533 1306 enim
544 1256 656 1327 quisquc
666 1259 735 1308 inter
746 1257 849 1307 Minoes
857 1292 865 1320 ,
873 1254 1044 1316 Charondas,
1055 1251 1180 1303 Zaleucos
1190 1259 1245 1310 cst,

206 1345 285 1397 quem
295 1330 435 1385 Eleusiniis
447 1335 528 1385 initiis
542 1334 672 1386 imbutum
685 1353 740 1386 esse
754 1336 895 1405 quisquam
908 1332 1064 1384 tradiderit?
1081 1330 1145 1396 Quae
1156 1327 1246 1377 omnia

206 1425 288 1477 quurn
298 1412 354 1462 sine
367 1426 475 1464 auctore
486 1412 593 1484 prodita
605 1415 670 1478 sint,
684 1426 739 1464 tum
751 1413 885 1465 Eleusinia
897 1413 972 1464 initia
985 1410 1019 1462 ab
1038 1411 1124 1461 AEneae
1140 1418 1246 1474 ternpo-

206 1485 281 1537 riltus
294 1499 319 1538 et
331 1501 407 1542 atate
417 1491 583 1561 aliquantum
592 1504 654 1543 sunt
663 1505 778 1559 remota,
791 1491 825 1543 ad
839 1493 973 1544 Avernum
986 1479 1073 1542 autenl
1085 1487 1248 1557 Necyoman-

206 1565 272 1614 tium
289 1567 395 1636 quidem
408 1569 552 1640 aliquando
568 1570 722 1624 inclaruisse
741 1583 877 1622 narratum
890 1582 944 1634 est,
963 1569 1038 1619 initia
1051 1577 1138 1618 autem
1150 1562 1204 1614 ulla
1220 1563 1248 1611 in

206 1643 248 1695 liis
260 1644 325 1698 locis
339 1650 437 1715 luisse,
454 1668 502 1702 nec
524 1650 650 1716 traditur,
669 1669 718 1703 nec
738 1651 877 1722 probabile
895 1649 932 1702 ἧι.
949 1650 1019 1701 Perit
1037 1645 1144 1699 tandem
1162 1641 1247 1693 omnis

208 1727 285 1794 opica
300 1729 352 1795 ris,
369 1741 395 1782 et
412 1733 519 1802 poetica
537 1734 667 1799 suavitas,
686 1734 708 1784 si
725 1751 768 1784 res
789 1751 805 1783 a
824 1743 905 1804 poeta
921 1743 1028 1784 narratu
1045 1727 1079 1782 ad
1094 1724 1248 1796 allegoriam

206 1819 353 1859 revocetur.

415 2091 422 2112 x
485 2040 848 2131 EXCURSUS
882 2043 972 2128 XI.

494 2229 721 2318 Desarene
734 2228 964 2316 anensem.

246 2387 298 2453 Vl,
312 2385 360 2454 431
376 2416 408 2428 ·-
417 2385 475 2455 433.
485 2387 542 2441 Nec
553 2407 612 2440 uero
625 2387 664 2440 lroe
673 2389 729 2442 sine
739 2398 805 2440 sorte
816 2389 900 2452 dete,
911 2386 1078 2460 sinejudice‚
1090 2387 1165 2440 redes.
1179 2389 1253 2460 Quer-

212 2466 371 2520 sitorMinos
384 2486 477 2520 umam
490 2479 590 2520 movet.-
605 2467 650 2520 ille
660 2467 783 2521 silentum
796 2465 995 2540 conciliumque
1007 2478 1090 2533 coeat,
1103 2468 1219 2541 uitasque
1228 2479 1254 2520 et

213 2545 322 2597 crimina
332 2546 416 2598 discit.
429 2547 517 2598 Minos
529 2547 636 2618 itaque,
649 2567 663 2600 e
675 2547 793 2598 Maronis
806 2558 906 2612 mente,
920 2546 946 2596 in
959 2546 1046 2616 primo
1063 2547 1151 2598 statim
1164 2547 1199 2598 ad
1211 2548 1253 2598 in-

212 2625 284 2678 feros
292 2626 375 2690 aditu,
384 2629 521 2698 cognoscit
533 2625 566 2680 de
577 2627 773 2680 advenientium
783 2628 931 2679 animarum
941 2645 1045 2694 caussa,
1057 2639 1138 2690 sorte,
1149 2645 1179 2678 ao
1187 2625 1250 2679 sede

214 2705 390 2776 assignanda:
405 2708 460 2760 lere
470 2720 499 2758 ut
512 2706 584 2778 apud
596 2707 732 2759 Platonem
745 2707 773 2758 in
782 2707 882 2778 Gorgia
893 2718 933 2758 cst
942 2705 978 2771 is,
991 2707 1037 2777 qui
1050 2718 1197 2758 ceterorum
1207 2707 1252 2775 ju-

213 2781 285 2835 dicia
297 2786 404 2856 inspicit
416 2805 447 2838 ac
461 2789 545 2858 regit:
559 2806 583 2838 v.
594 2787 687 2859 paullo
700 2799 761 2858 post
771 2785 894 2838 diceudo.
905 2787 934 2836 ln
943 2783 1088 2856 judicibus,
1101 2803 1148 2838 seu
1161 2786 1256 2857 quasi-

214 2863 316 2914 toribus
329 2864 449 2917 locorum
461 2869 607 2918 inferorum
617 2879 698 2936 poeta
710 2867 873 2938 peculiarem
888 2865 1017 2917 rationem
1035 2866 1167 2934 sequitur,
1181 2863 1256 2934 quod

213 2958 269 2994 uon
279 2962 370 2996 omnes
382 2948 410 2996 in
422 2963 475 2996 uno
488 2947 548 2998 loco
561 2949 711 3010 constituit,
725 2947 771 2998 sed
784 2945 902 3018 singulos
915 2947 942 2996 in
953 2945 1063 2996 dirersis
1076 2945 1198 3016 partibus
1210 2966 1215 2994 :
1227 2945 1255 2993 iu

215 3024 302 3093 primo
315 3036 390 3094 septo
400 3025 516 3078 Minoem
527 3045 551 3076 v.
566 3027 631 3092 432,
645 3039 671 3078 at
679 3025 913 3078 Rhadamanthum
926 3027 953 3076 in
963 3025 1076 3076 Tartaro
1091 3041 1115 3072 u.
1128 3021 1187 3074 566.
1198 3022 1256 3094 My-

212 3101 275 3152 thus
288 3101 331 3153 liic
343 3105 451 3154 ornnino
464 3103 540 3154 aliter
551 3117 612 3174 post
624 3107 769 3156 Homerum
778 3105 886 3156 tractari
897 3105 991 3174 coepit,
1000 3101 1076 3154 aliter
1086 3102 1119 3153 ab
1130 3103 1189 3171 ipso
1199 3101 1255 3150 llo·

216 3199 299 3235 mero.
313 3181 381 3232 Nam
394 3182 416 3232 is
427 3181 544 3234 Minoem
557 3183 644 3235 obiter
659 3185 727 3234 inter
739 3195 839 3236 ceteras
853 3183 887 3235 ab
904 3183 996 3234 inferis
1010 3183 1136 3232 excitatos
1154 3179 1255 3230 animas

217 3263 354 3324 nominat;
368 3257 535 3326 uiprantem
547 3275 636 3314 tamen
648 3259 757 3316 rsriseon
771 3257 861 3328 ipsios,
875 3261 996 3334 adeoque
1015 3261 1147 3332 judicem
1161 3277 1193 3310 eo
1206 3259 1257 3309 sci-

217 3343 293 3408 licet,
306 3355 336 3394 ut
352 3341 379 3394 id
392 3354 453 3415 agat
465 3341 536 3414 apud
549 3344 663 3406 inferos,
676 3343 749 3413 quod
764 3347 790 3394 in
802 3342 854 3394 hac
866 3345 920 3395 vita
931 3343 1057 3413 persequi
1073 3352 1130 3394 erat
1143 3339 1236 3391 solitus
1249 3360 1256 3388 ε

217 3434 247 3472 ut
257 3421 302 3473 alii
314 3422 408 3474 heroes
421 3421 474 3473 ulia
486 3444 492 3472 :
506 3420 569 3473 dum
582 3439 664 3494 equos
682 3425 798 3494 agitant,
811 3423 890 3474 armis
903 3435 1019 3490 certant,
1033 3433 1059 3473 ct
1068 3422 1105 3471 sic
1120 3436 1211 3490 porro.
1221 3419 1257 3469 At

218 3501 436 3557 Rhadamanthus
448 3505 476 3556 in
490 3505 577 3578 Elysio
590 3517 719 3569 versatur,
732 3517 859 3573 tanquam
870 3504 930 3574 pius
942 3502 1034 3563 heros,
1046 3500 1140 3574 Odyss.
1153 3499 1184 3560 3,
1197 3499 1257 3568 ⁵⁶4:

219 3582 300 3654 Apud
312 3581 454 3636 Pindarum
467 3597 555 3637 nutem
567 3582 637 3636 idem
650 3596 690 3636 est
702 3577 781 3651 Kpiioo
794 3577 917 3650 ndpsdpoe,
932 3581 1037 3654 Olymp.
1051 3579 1087 3642 ll,
1104 3577 1150 3646 137
1164 3593 1221 3648 sq,
1234 3588 1261 3628 et

221 3662 343 3732 quidem,
354 3676 383 3713 ut
393 3681 424 3714 ex
436 3662 496 3716 loco
514 3677 640 3736 apparet,
652 3681 769 3716 assessor
777 3663 844 3732 juris
861 3659 967 3712 dicendi
980 3677 1088 3718 caussa;
1101 3657 1202 3709 scilicet
1212 3655 1261 3709 he-

220 3744 295 3796 roico
307 3760 363 3794 oevo
373 3743 423 3813 ipsi
436 3761 509 3816 reges
516 3746 560 3815 jus
570 3743 704 3797 dicebant.
719 3745 812 3815 ltaque
822 3744 952 3794 Homerus
961 3743 989 3792 in
1001 3740 1066 3791 locis
1079 3740 1169 3791 inferis
1178 3757 1260 3790 unum

218 3925 325 3986 mysteria
334 3921 450 3968 Eleusinia
459 3921 563 3968 referret.
573 3921 606 3968 lta
616 3935 670 3968 sane
680 3937 716 3968 res
765 3936 817 3985 quse
826 3921 856 3966 ad
865 3923 934 3968 ritnrn
946 3922 1073 3967 animarum
1083 3919 1108 3964 in
1116 3919 1197 3964 inieris
1205 3933 1261 3980 pro-

219 4009 244 4040 so
265 3991 351 4038 habet:
371 3989 444 4036 multa
461 3993 545 4053 passim
565 3993 589 4037 in
607 3991 716 4054 operibus
765 3989 872 4037 habiliter
890 3991 972 4037 referti
986 3991 1090 4054 possint:
1107 3991 1150 4034 etsi
1166 3987 1262 4033 difficile

219 4064 369 4127 pristamus,
379 4063 403 4107 in
412 4059 497 4108 celatis
506 4064 604 4108 maxime
614 4074 637 4108 et
646 4061 717 4126 scrip.
766 4075 812 4118 est,
824 4063 848 4107 in
860 4061 959 4108 inissetis
969 4061 1013 4108 sihi
1023 4077 1116 4116 carere,
1133 4075 1163 4106 ne
1175 4060 1262 4122 ingenii

220 4137 261 4192 tis,
279 4149 413 4192 occurrere,
431 4130 555 4196 symbolica
572 4143 595 4178 et
609 4135 716 4197 mystica,
765 4133 826 4182 ltuui
838 4133 1006 4198 indulgeamus.
