3028 4682
168 352 171 358 ¹
265 399 323 466 192

507 374 541 435 P.
566 369 797 436 VIRGILII
821 365 1052 439 Muttonis

259 495 409 560 Proxima
421 510 509 558 sorte
523 510 613 558 tenet
624 494 706 559 lucis
718 494 805 574 loca;
818 495 944 583 primus
956 494 998 560 ad
1010 513 1105 560 auras

261 599 421 666 AEtberias
435 601 517 665 Italo
529 601 714 665 conminus
727 601 885 688 sanguine
898 617 1010 689 surget

259 707 392 786 Silvius,
406 706 568 769 Albanum
582 727 719 784 nornen,
733 721 789 768 tua
800 721 951 792 postuma
965 705 1089 792 proles,

259 815 367 895 Quem
378 812 437 876 tibi
450 791 602 899 longaevi)
616 833 727 875 serum
740 811 874 874 Lavinia
889 811 1033 900 conjunx

261 918 388 983 Educet
400 919 489 982 silvis
502 940 629 1004 regern,
643 938 826 1004 regumque
839 932 1025 1004 parentem,

261 1022 359 1088 Unde
372 1045 475 1111 genus
489 1025 602 1109 Longa
615 1037 763 1084 nostrum
777 1020 1001 1085 dominabitur
1012 1019 1106 1085 Alba.

305 1131 476 1194 Proximus
491 1128 545 1191 ille
559 1129 691 1204 Procae,
705 1127 857 1216 Trojanae
870 1126 972 1214 gloria
985 1126 1105 1212 gentis,

262 1239 304 1302 Et
316 1239 435 1325 Capys,
450 1251 483 1298 et
495 1235 662 1313 Numitor,
677 1233 780 1321 etqui
792 1249 825 1296 te
837 1233 971 1296 nomine
985 1229 1102 1295 reddet

261 1439 321 1487 puro
330 1421 428 1468 Dorviii.
437 1447 468 1456 -
477 1420 530 1483 761.
547 1417 594 1466 luci
606 1420 684 1466 Heius.
698 1418 812 1474 malebam
822 1430 848 1464 ut
861 1422 905 1475 sit,
916 1421 967 1465 vita
983 1435 1037 1465 mox
1047 1419 1091 1480 ipsi
1108 1415 1249 1474 reddendae;
1260 1432 1309 1464 non

262 1495 332 1542 video
341 1492 398 1556 quid
411 1493 509 1537 intersit.
519 1517 549 1525 -
560 1492 613 1553 762.
626 1489 685 1536 italo
693 1493 775 1535 mistus
783 1490 810 1535 de
819 1505 838 1535 s.
849 1493 940 1553 annqui
948 1490 1017 1536 codd.
1026 1506 1063 1552 ap.
1074 1491 1133 1535 Pier.
1143 1491 1215 1553 snrqit
1222 1489 1307 1534 Medic.

262 1590 294 1600 -
306 1564 358 1627 763.
370 1559 490 1626 posthumo
500 1561 558 1608 male
571 1565 681 1624 scripturn
695 1575 717 1608 et
730 1562 766 1608 hic
777 1564 801 1607 in
813 1561 932 1606 Gorbanis.
942 1565 1053 1624 postumio
1062 1562 1144 1606 Franc.
1154 1595 1160 1616 ,
1172 1562 1259 1622 inepte.
1270 1561 1309 1604 Pi·

263 1648 301 1696 get
315 1637 339 1678 in
357 1634 393 1679 his
406 1634 498 1679 morari.
508 1658 540 1667 -
551 1633 603 1695 764.
613 1625 703 1678 ¹servam
718 1633 783 1676 Rom.
791 1657 821 1665 -
832 1631 884 1693 765.
896 1631 979 1676 Educr't
992 1631 1077 1676 Medic.
1087 1631 1174 1675 Educet
1187 1633 1209 1674 in
1220 1645 1239 1676 s.
1252 1628 1310 1674 alter

263 1705 344 1750 Hautb.
356 1716 378 1749 et
389 1701 458 1748 Goth.
473 1717 501 1748 te·
509 1716 538 1756 1.,
550 1703 611 1749 idem
622 1719 674 1748 curn
691 1719 727 1764 pr.
737 1709 864 1764 parentum.
877 1725 905 1734 -
916 1701 968 1762 766.
978 1709 1080 1745 nostrum
1092 1697 1157 1763 lorsqu
1168 1713 1213 1746 tres
1230 1701 1309 1744 Heius.

263 1774 453 1836 -767.Proco.c
464 1771 553 1836 aliquot
573 1774 635 1836 apud
652 1777 791 1828 Burmann,
813 1772 915 1818 indocte.
931 1773 1004 1816 Etiam
1016 1772 1089 1816 Proca
1105 1770 1198 1832 legitur.
1216 1795 1247 1806 ·-
1257 1767 1309 1831 768.

264 1943 339 1998 reges
349 1926 445 1978 Albani
458 1945 474 1977 a
483 1924 577 1989 silvio,
591 1927 636 1997 qui
648 1944 679 1976 ex
688 1926 763 1976 Lavi-

264 2010 309 2059 nia
329 2020 468 2078 postumus
493 2005 578 2058 AEneae
599 2019 676 2057 natus
698 2019 762 2057 erat.

264 2087 325 2138 Haec
344 2099 383 2138 est
403 2087 488 2150 fama,
502 2105 580 2156 quam
602 2085 629 2136 b.
651 2085 669 2137 l.
683 2099 764 2155 poeta

265 2168 392 2238 sequitur.
405 2166 455 2217 Alit
467 2167 572 2218 Ascanii
581 2167 661 2216 filium
671 2179 696 2217 ct
707 2184 764 2216 suc-

266 2265 396 2300 cessorem
409 2246 517 2298 Silvium
528 2248 638 2298 faciunt.
652 2246 704 2297 Atii
717 2245 765 2296 nli-

265 2341 306 2380 ter
318 2325 434 2378 tradunt.
446 2345 470 2378 1.
483 2327 538 2378 Liv.
551 2327 562 2375 Ι
570 2366 578 2393 ,
591 2327 615 2376 3.
627 2328 719 2378 Victor
730 2326 762 2377 Ο.

265 2405 296 2456 G.
309 2407 338 2456 R.
357 2407 401 2468 16,
418 2422 456 2473 17.
468 2405 575 2476 Dionys.
587 2405 670 2456 Halic.
684 2407 707 2467 1,
722 2419 763 2472 7ο.

265 2484 343 2535 Ovid.
353 2485 388 2533 lV
400 2484 469 2532 Fast.
484 2483 531 2549 4ο,
545 2496 570 2533 ct
582 2481 652 2533 Serv.
666 2482 700 2533 ad
711 2480 737 2531 h.
747 2481 764 2531 Ι.

267 2563 339 2614 conf.
351 2563 412 2611 Exc.
424 2563 458 2610 iil
471 2561 505 2611 ad
517 2560 564 2612 lib.
580 2562 628 2611 xtl
640 2563 698 2612 AEn.
716 2562 767 2612 Fa-

266 2641 336 2691 butae
348 2640 380 2690 de
390 2638 471 2690 Silvio
486 2640 512 2690 in
526 2639 597 2690 silvis
615 2640 711 2690 educto
726 2639 765 2689 lo·

268 2739 328 2770 cnm
340 2719 434 2769 fecisse
447 2716 553 2768 videtur
564 2736 660 2769 nomen
669 2721 765 2788 ipsum,

267 2800 306 2850 uti
330 2795 426 2848 fabulis
450 2795 483 2846 de
502 2795 614 2846 Romulo
638 2808 663 2848 et
684 2797 765 2846 Remo

268 2877 332 2930 fleus
345 2868 489 2927 Ruminalis
502 2888 528 2926 et
539 2875 684 2928 simiiitudo
694 2878 767 2927 vocis

269 2957 394 3020 suminis,
404 2955 456 3007 boc
467 2969 519 3020 est,
530 2975 657 3006 mammas.
668 2955 768 3007 hastam

266 3057 381 3110 puram,
399 3032 451 3104 dipo
469 3036 585 3104 ἐπίθημα,
603 3034 673 3086 idern
696 3034 769 3106 quod

270 3117 464 3188 antiquioribus
474 3128 623 3186 sceptrum,
633 3134 724 3186 regum
743 3127 769 3166 et

269 3197 380 3249 boroum
402 3197 519 3266 insigne,
542 3193 582 3246 vel
603 3212 634 3246 ex
654 3196 768 3246 flomero

270 3289 371 3328 notum.
392 3277 426 3326 cf.
446 3273 541 3326 Cerda.
564 3271 697 3325 Albanum
723 3293 770 3324 no·

270 3377 329 3409 nien
337 3396 346 3422 ,
358 3356 385 3409 h.
401 3377 423 3408 e.
437 3355 569 3418 Albanus,
585 3353 658 3404 Atbae
672 3355 768 3424 Longae

270 3456 324 3488 rex.
335 3438 391 3488 Nec
404 3435 471 3486 male
486 3447 573 3484 tamen
587 3434 625 3483 sic
638 3434 767 3502 accipias:

270 3518 377 3568 nomine
399 3517 467 3567 inter
486 3514 603 3566 Albanos
623 3511 769 3564 domestico

271 3595 420 3668 appellatus
431 3595 533 3646 Silvius.
545 3595 605 3660 Quo
617 3590 714 3644 ducere
724 3610 770 3662 po·

271 3688 321 3726 test
344 3675 431 3726 Livius
455 3673 520 3725 ibid.
548 3672 645 3724 mansit
673 3670 771 3722 Silvius

269 3765 357 3826 postea
389 3754 509 3806 omnibus
533 3771 692 3826 coquomen,
724 3751 772 3823 qui

272 3832 345 3884 Atbae
373 3843 522 3902 repnomnt.
556 3833 680 3903 Argutias
705 3844 768 3882 vett.

273 3912 509 3964 Grammaticorum
542 3929 621 3980 snper
650 3920 771 3981 postumo

271 3986 357 4063 proies
375 3987 427 4038 vid.
453 3987 525 4056 apud
546 3989 612 4039 Geli.
633 3990 665 4039 H.
692 3991 722 4041 16
745 4001 771 4040 et

812 1938 838 1977 et
862 1937 1009 1976 ceterorum
1034 1925 1065 1982 ,in
1089 1921 1219 1995 Ionpoevo,
1248 1921 1312 1991 quia

812 2003 907 2054 AEnens
921 2005 997 2055 annis
1005 2001 1131 2054 fatalibus
1139 2001 1257 2052 nondum
1268 2017 1312 2051 ex-

813 2084 891 2154 pletis
903 2087 996 2156 periit,
1017 2103 1073 2136 esse
1092 2083 1189 2134 debere
1211 2081 1312 2133 dictum

814 2183 862 2233 pro
876 2163 938 2228 deo,
952 2165 1026 2234 cujus
1039 2181 1136 2224 sevum,
1153 2161 1179 2212 h.
1194 2181 1216 2213 e.
1235 2175 1313 2212 ceter-

814 2243 893 2306 nitas,
907 2244 1044 2316 proprium
1055 2245 1096 2294 sit.
1110 2243 1250 2293 Enimvero
1263 2259 1313 2312 po-

814 2336 864 2374 test
874 2323 969 2394 aliquis
978 2341 1056 2375 senex
1066 2338 1131 2386 esse,
1138 2333 1163 2373 et
1171 2323 1226 2390 jam
1234 2337 1314 2373 senex

815 2404 900 2454 factus
914 2402 1012 2454 liberos
1024 2403 1172 2471 suscipere,
1191 2413 1217 2453 et
1234 2417 1315 2453 senex

815 2482 932 2534 violenta
947 2495 1030 2533 morte
1041 2483 1137 2552 perire.

852 2561 901 2630 767
910 2590 944 2599 -
953 2579 1012 2631 77²·
1026 2563 1081 2612 Nec
1095 2578 1185 2611 omnes
1197 2559 1315 2612 Albano-

815 2657 873 2690 rum
886 2658 974 2709 rcges,
988 2659 1036 2691 nec
1047 2639 1140 2691 ordine
1150 2657 1198 2690 suo
1209 2641 1312 2690 recitat.

815 2718 1314 2790 v.Auctt.land.plurestnrnen‚quam

816 2811 887 2849 recte
899 2797 955 2850 ficri
974 2811 1065 2869 putes,
1085 2801 1183 2870 quippe
1197 2799 1315 2850 obscurae

816 2875 959 2947 plerosque
971 2891 1015 2928 sut
1024 2878 1121 2929 nullius
1132 2879 1220 2938 famce3
1232 2894 1316 2947 quum

817 2975 963 3027 properare
973 2956 1082 3009 deberet
1096 2957 1225 3009 adriacos
1243 2959 1315 3008 viros

818 3037 947 3086 seriorum
975 3037 1128 3107 reipublice
1157 3049 1315 3106 temporum.

819 3117 853 3166 At
869 3113 929 3167 vide
947 3129 1032 3186 poeta
1046 3116 1175 3187 judicium
1193 3118 1238 3187 qui
1258 3119 1316 3186 ipsa

820 3196 978 3266 antiquitate
999 3198 1135 3248 nominum
1156 3215 1183 3249 se
1205 3198 1316 3248 carmini

819 3274 973 3346 dignitatem
998 3290 1023 3329 et
1042 3278 1198 3348 gravitatem
1220 3295 1316 3346 parare

818 3355 886 3407 bene
915 3355 1091 3427 intelligebam
1114 3356 1192 3408 nitius
1210 3357 1237 3407 in
1262 3356 1318 3408 uni·

819 3453 889 3486 mum
905 3435 1069 3488 descendunt
1079 3447 1104 3487 et
1117 3439 1251 3505 potentius
1263 3455 1319 3487 mo·

818 3528 880 3565 vent
893 3534 938 3575 ea,
953 3533 1010 3584 quc
1023 3515 1175 3584 antiquiora
1193 3529 1262 3568 sunt.
1275 3514 1318 3566 Ad

819 3595 951 3663 poeticam
964 3595 1016 3644 vim
1035 3597 1118 3666 iungis
1136 3609 1317 3667 opportunum

819 3691 915 3723 nomen
936 3685 975 3722 ost
993 3675 1020 3723 in
1040 3677 1136 3725 nostris
1155 3675 1318 3727 carminibus

819 3752 944 3817 Arminii,
968 3771 1047 3822 quam
1071 3755 1150 3806 uilius
1170 3757 1245 3807 fortis
1267 3755 1319 3812 viri

820 3833 971 3901 sequiorum
990 3845 1152 3904 temporum
1174 3837 1222 3885 nisi
1245 3833 1318 3905 quod

819 3911 889 3962 inter
906 3913 1031 3980 sequiora
1051 3915 1229 3964 recentissimo
1250 3933 1320 3983 qute-

821 4009 872 4060 quc
896 3993 998 4042 animos
1019 3992 1179 4045 validissime
1210 3995 1317 4044 feriunt.

273 4068 393 4124 Cordum.
404 4068 463 4119 Atia
475 4081 514 4120 cst
527 4067 659 4122 subtilitas
672 4069 769 4140 Servii,
818 4072 955 4141 proximus
967 4091 1030 4144 crgo
1038 4087 1055 4138 ς
1063 4075 1108 4144 qui
1122 4073 1216 4126 adstat.
1228 4073 1322 4125 Memi-
