2956 4680
309 275 371 354 rso
652 267 915 333 excussus
940 267 994 332 tv

304 392 442 463 displicere
454 393 579 462 potuisse.
588 391 753 462 Religionum
763 393 883 460 majestas
896 407 1028 442 excusare
1044 390 1132 443 forte
1145 401 1246 462 potest
1254 390 1373 446 Saliorum

303 471 434 541 tripudia,
447 473 625 542 Lupercorum
638 471 857 536 discursationes,
869 484 1066 522 matronarum
1082 489 1249 543 pompam
1263 475 1291 524 in
1303 475 1333 525 iis
1343 489 1374 526 ta·

303 569 363 600 men
377 551 454 602 nimis
467 569 557 622 presse
571 564 596 602 et
611 565 720 622 anguste
734 553 876 602 Homerum
891 551 1036 602 emutatus
1055 569 1128 602 esse
1145 551 1279 616 videtur,
1300 557 1342 623 qui
1353 573 1372 602 r.
1419 522 1421 579 l

304 626 355 696 590
366 628 477 681 chorum
489 630 680 701 elegantissime
695 628 840 682 effinxerat.
854 630 980 681 Anserem
991 629 1182 682 volitantem
1197 634 1221 682 si
1235 633 1373 689 omisisset,
1421 645 1422 672 t

305 710 452 775 argumenti
464 709 593 776 majestati
605 708 639 760 ed
651 719 770 760 nostrum
783 725 888 759 sensum
900 709 993 759 melius
1005 710 1232 761 consuluisset.
1247 711 1375 778 lntercipi-

304 795 347 834 tur
359 803 439 854 porro
452 801 524 839 totus
536 791 683 860 argumenti
694 789 806 840 Romani
818 801 893 840 tenor
905 787 983 840 rebus
996 791 1110 841 inferis
1123 791 1317 860 interpositis,
1332 791 1374 839 etsi

304 863 398 930 video,
414 866 478 936 quid
489 871 516 918 in
528 867 568 918 his
581 872 655 938 sequi
666 869 782 940 potuerit
799 881 887 939 poeta.
900 868 992 919 Voluit
1005 871 1093 922 forte
1109 870 1248 922 Catilinae
1260 883 1287 921 et
1301 869 1373 920 Cato·

304 942 345 990 nis
355 945 518 1010 meminisse,
531 965 643 1016 quorum
656 945 766 998 alterum
776 949 803 998 in
814 948 904 999 inieris
917 947 1054 998 scelerum
1067 965 1181 1018 poenus
1192 949 1271 999 luere
1280 965 1327 1017 par
1336 959 1370 997 est

304 1019 426 1084 credere;
440 1037 465 1076 et
478 1029 597 1078 oratione
606 1025 684 1078 ‹locte
696 1029 798 1078 variata
809 1027 868 1078 loca
881 1041 1102 1092 commemorat,
1117 1031 1149 1078 in
1166 1029 1271 1097 quibus
1283 1026 1320 1076 illi
1332 1025 1370 1074 de

303 1100 428 1152 tineutur.
437 1105 522 1157 llobet
532 1109 646 1176 speeiem
656 1107 786 1176 aliquam,
799 1125 848 1158 nee
857 1119 945 1158 tarnen
957 1105 1082 1157 multum
1098 1106 1299 1176 probabilem,
1309 1103 1366 1166 boc,

302 1191 332 1228 ut
347 1179 436 1246 dicas,
456 1181 585 1256 delegisse
600 1198 707 1256 poetam
725 1205 771 1251 ea,
793 1205 905 1257 quorum
919 1186 965 1238 illo
976 1200 1115 1258 tempore
1132 1189 1216 1259 signa
1230 1187 1329 1256 passim
1343 1195 1367 1233 et

304 1258 406 1330 sculpta
419 1281 469 1315 aere
480 1265 520 1316 vel
534 1285 664 1318 marmore
677 1284 758 1337 opera
769 1267 857 1317 Romae
868 1268 1060 1318 cernebantur.
1077 1269 1125 1320 De
1140 1269 1241 1337 Lupa,
1254 1265 1289 1314 de
1299 1261 1365 1313 Sabi-

304 1337 345 1385 nis
358 1342 454 1408 raptis,
465 1342 499 1394 de
510 1343 626 1409 Coclite,
639 1344 673 1396 de
689 1345 796 1408 Cloelia,
813 1345 931 1410 Manlio,
949 1357 974 1396 et
994 1363 1100 1397 atrsere
1123 1361 1227 1395 verum
1245 1341 1296 1392 ltoe
1312 1355 1362 1391 esse

304 1415 373 1467 forte
386 1431 480 1488 potest.
491 1423 531 1473 Fit
544 1437 650 1494 quoque
663 1423 818 1494 probabile,
829 1425 912 1476 fuisse
923 1424 1035 1494 Augusti
1048 1437 1169 1494 tropaeu
1183 1424 1214 1473 in
1224 1417 1363 1490 Capitolio,

305 1513 363 1564 quse
375 1498 509 1554 Actiacam
521 1523 636 1575 pugnam
648 1503 809 1556 exhiberent.

340 1577 441 1630 lnserte
454 1594 493 1632 est
504 1583 614 1654 Virgilio
627 1585 654 1635 in
671 1583 803 1654 anglicum
819 1599 966 1636 sermonem
979 1602 994 1635 a
1007 1585 1160 1636 Wartono
1174 1581 1289 1650 aliisque
1300 1593 1358 1627 eon·

305 1671 381 1706 verso
395 1659 443 1708 snb
455 1660 530 1710 Tom.
541 1664 575 1711 lll
588 1661 665 1712 linem
678 1663 822 1731 disputatio
836 1663 941 1732 elegans
952 1663 1009 1712 Viri
1021 1661 1119 1725 docti,
1136 1660 1182 1711 W.
1197 1653 1356 1714 Js’ttuleao

305 1747 386 1802 super
394 1733 446 1786 hoc
458 1736 558 1806 clipeo,
571 1741 597 1788 in
608 1756 661 1808 quo
672 1740 716 1791 ille
724 1745 872 1812 argumenti
882 1740 1008 1792 dilectum
1019 1754 1044 1792 et
1058 1743 1208 1792 rationem
1219 1738 1256 1788 ita
1267 1745 1353 1792 tacturi

305 1822 334 1860 ut
347 1812 460 1865 civitatis
469 1817 592 1868 Romanu
605 1831 701 1870 statum
714 1833 739 1871 et
750 1820 929 1872 conditionem
940 1821 1001 1872 inde
1013 1821 1046 1871 ub
1058 1823 1177 1892 origine
1190 1811 1353 1890 persingulas

305 1903 412 1957 aetates,
427 1897 556 1967 simulque
568 1917 699 1951 summum
712 1919 793 1970 opum
804 1902 958 1972 fastigium,
977 1918 1030 1971 quo
1047 1901 1085 1953 ab
1100 1903 1234 1971 Augusto
1248 1895 1291 1946 illa
1308 1887 1348 1940 acl·

305 1969 386 2024 ducta
399 1987 453 2039 est,
467 1975 581 2031 describi
594 1981 683 2042 dicat;
698 1983 800 2032 omissis
811 1994 899 2032 tamen
912 1983 962 2041 iis,
980 1999 1038 2050 quas
1047 1984 1108 2051 jam
1124 1980 1195 2032 olibi
1208 1987 1285 2048 poeta
1297 1970 1349 2022 atti-

305 2065 395 2119 gerat,
412 2072 436 2104 v.
453 2075 476 2106 c.
490 2059 607 2122 AEnVl,
625 2059 676 2128 756
695 2079 733 2130 sq.
752 2063 881 2131 Expressa
902 2061 993 2130 itaque
1012 2078 1069 2112 esse
1092 2059 1175 2111 urbis
1197 2049 1345 2128 primordia,

305 2143 394 2201 raptas
406 2133 530 2202 Sabinas,
546 2139 685 2209 foedusque
701 2141 818 2205 foetum,
833 2157 885 2210 quo
897 2139 1012 2190 Curibus
1029 2142 1055 2191 in
1069 2141 1172 2192 urbem
1187 2134 1296 2206 receptis
1308 2131 1343 2178 in·

305 2225 467 2264 crementum
483 2217 538 2283 jam
557 2218 685 2288 insignius
701 2219 784 2269 Roma
804 2221 923 2288 accepit:
942 2237 1004 2269 mox
1022 2218 1138 2271 foederis
1161 2217 1234 2286 rupti
1252 2223 1345 2283 ponant

306 2287 370 2339 Meti
380 2295 511 2363 supplicio
521 2297 661 2350 inflictam:
672 2297 820 2350 libertatem
830 2309 932 2368 partam
944 2299 1049 2370 regibus
1060 2301 1121 2369 cjee
1128 2302 1163 2349 tis
1173 2320 1180 2346 :
1190 2295 1285 2347 bellum
1292 2284 1341 2337 Gal·

306 2364 386 2419 licum
399 2385 425 2422 et
437 2375 545 2427 Romam
557 2390 721 2447 reparatam
732 2378 871 2449 religiones
883 2397 932 2448 per
943 2377 1040 2444 Salios,
1050 2381 1209 2451 Lupercos,
1222 2386 1248 2426 et
1258 2372 1341 2422 Metro

305 2461 354 2496 nas
372 2447 540 2504 declaratas:
557 2459 665 2524 praemia
683 2469 709 2506 ct
727 2475 819 2526 poenae
840 2455 912 2527 apud
933 2459 1031 2509 inferos
1049 2481 1055 2508 :
1078 2459 1193 2510 tandem
1220 2452 1337 2502 Actiacam

304 2528 458 2592 victorium,
472 2550 524 2602 quo
538 2544 665 2585 terrarum
676 2535 734 2586 orbi
747 2555 798 2606 pax
811 2549 836 2588 et
849 2537 1024 2606 tranquillitas
1036 2551 1133 2607 porta,
1148 2545 1302 2604 receptttqtle
1312 2539 1336 2574 ὅ

306 2602 428 2655 fluctibus
440 2609 561 2660 civilibus
571 2613 663 2663 civitas
673 2631 733 2664 mox
746 2614 803 2666 laete
816 2615 943 2680 effloruit,
956 2615 1074 2687 Augusto
1086 2618 1230 2688 principe:
1246 2599 1336 2659 utillud

307 2682 437 2752 Propertii
449 2684 494 2738 lib.
505 2689 555 2753 lll,
574 2705 618 2756 tt,
629 2692 662 2743 50
672 2693 864 2745 acclamaretur
873 2715 879 2744 ι
888 2695 1040 2766 eopellomu
1051 2697 1084 2745 tri
1087 2693 1235 2767 templium,
1244 2687 1277 2737 El
1286 2679 1333 2732 ‘0¹¹'

304 2777 368 2831 pum
381 2763 497 2834 Arrpusto
510 2765 581 2820 solvo
591 2787 698 2841 precare
709 2771 785 2821 diem.

339 2839 503 2909 lngeniosam
515 2844 585 2898 haue
597 2865 653 2900 esse
666 2850 745 2919 clipei
758 2853 952 2904 enarrationem
964 2869 1017 2902 non
1031 2871 1114 2923 nego:
1128 2864 1240 2908 vereor,
1251 2860 1282 2892 tte
1293 2835 1329 2926 lllfl

304 2917 338 2968 sit
351 2921 427 2970 nimis
440 2923 588 2994 ingeniosa,
601 2947 650 2980 nec
661 2929 765 2982 idoneis
777 2947 864 2982 rerum
875 2935 1034 3004 argumentis
1047 2932 1184 2984 declarata
1194 2951 1200 2977 ι
1211 2941 1261 2977 non
1273 2931 1331 2970 emm
1420 2926 1421 2930 ’

304 2993 435 3050 delectum
448 3021 534 3055 rerum
544 3007 570 3057 in
582 3007 668 3077 clipeo
677 3009 839 3080 sculptarum
851 3013 889 3062 ito
901 3014 1049 3064 institutum
1059 3011 1196 3073 videmus,
1209 3016 1236 3055 ut
1248 2999 1330 3052 cirita·

305 3077 337 3124 tis
351 3079 474 3133 Romane
483 3084 538 3136 feta
550 3090 656 3157 potiora
666 3091 692 3140 in
703 3092 734 3141 iis
747 3091 938 3162 comprehensa
950 3095 1011 3143 sint.
1025 3093 1081 3142 lloe
1094 3093 1175 3160 igitur
1185 3087 1265 3158 primo
1276 3078 1327 3127 l⁰⁰⁰

303 3169 319 3201 θ
329 3169 360 3205 ut
374 3157 536 3226 docendum,
549 3165 628 3218 talem
643 3167 768 3220 dilectum
781 3189 840 3222 vere
852 3189 910 3224 esse
922 3173 1036 3235 factum,
1055 3183 1079 3222 et
1092 3170 1206 3222 civitatis
1219 3166 1329 3214 Romane

302 3230 436 3288 fortunam
448 3258 496 3309 per
508 3240 562 3294 hnc
575 3247 684 3298 maxime
696 3249 768 3301 lacta
781 3262 808 3301 et
820 3263 914 3306 eventa
926 3269 982 3303 esse
996 3247 1190 3316 constitutam(
1205 3246 1224 3316 )

334 3397 369 3454 (Ι)
381 3397 453 3443 Simili
463 3399 511 3447 lere
521 3405 609 3450 ratione
622 3409 754 3454 autumabat
763 3411 798 3456 vir
840 3412 973 3475 famamque
982 3411 1059 3474 etfutu
1072 3419 1175 3474 nepotum
1184 3409 1191 3466 (
1200 3404 1228 3449 de
1237 3399 1288 3446 serit
1297 3403 1324 3436 ¹²·

303 3463 385 3512 doetus
399 3465 471 3514 literis
485 3471 514 3516 ad
523 3489 560 3518 me
569 3475 628 3520 datis
638 3481 716 3524 sertem
724 3495 797 3543 piton·
845 3495 900 3527 men
912 3481 971 3526 nihil
983 3483 1007 3526 in
1019 3483 1055 3528 bie
1064 3485 1079 3540 ).
1089 3483 1165 3527 llueta
1177 3477 1233 3524 serie
1243 3486 1254 3514 t
1265 3473 1321 3540 ΡΨ

301 3535 460 3599 ‘lamfimm
470 3542 493 3586 in
506 3544 660 3592 Romanorum
669 3548 748 3610 opibus
759 3567 798 3594 ou·
846 3552 1009 3614 gemellorum,
1029 3555 1094 3616 ecqui
1117 3555 1253 3598 iueremeott
1269 3533 1321 3615 *ffb*

300 3609 378 3669 yond's
390 3609 498 3657 exhibere
508 3613 607 3662 voluisse
617 3619 797 3677 poetam-hoc
846 3639 874 3669 ex
892 3623 957 3668 novis
973 3623 1062 3668 civibus
1078 3622 1168 3668 Sabinis
1183 3612 1318 3670 adseriptffl·
1409 3634 1414 3645 ·

302 3693 355 3722 eum
372 3683 446 3742 ipsum
463 3685 559 3732 innuere
575 3689 657 3748 partire
672 3689 700 3734 ab
713 3693 797 3737 initio:
846 3693 1078 3748 ossmovosmcms
1087 3681 1317 3754 ,cummanum
1407 3660 1417 3758 l

300 3762 322 3792 v.
339 3748 383 3792 6²6
399 3749 449 3796 Illic
468 3767 503 3798 res
519 3752 587 3800 ltults
604 3757 797 3823 Romanorumque
846 3749 1318 3824 traductos(declaratosuepersuppliuum

303 3817 422 3878 t’'luml’l'⁰⁸
435 3847 466 3858 ··
479 3822 523 3868 illic
539 3841 609 3888 quous
629 3843 692 3874 omne
706 3829 796 3892 soture
846 3821 1315 3888 Meritolwmduaninteerfirmttffl
1402 3759 1418 3939 4

299 3888 412 3946 S‘l‘l'l‘ssl
422 3893 528 3948 Att'ffltt'o,
537 3899 798 3962 puqnauqeenomsm
847 3899 977 3948 libertatem
993 3901 1109 3946 Porsenna
1126 3899 1154 3946 ab
1170 3897 1221 3944 urbe
1235 3878 1314 3947 tl‘l’llw

299 3953 356 4002 bellu
360 3989 368 4012 ,
379 3969 427 4004 tum
436 3961 462 4004 in
471 3962 517 4007 fine
527 3967 568 4026 7³¹
584 3967 699 4018 Attollens
708 3969 798 4020 lumem
847 3971 904 4030 olo,
917 3983 939 4020 et
950 3972 1031 4019 urbem
1045 3988 1058 4018 a
1072 3968 1144 4018 Gallie
1156 3969 1262 4016 sisenem
1272 3951 1314 3998 651Ι
