3028 4682
458 365 695 434 nnatnos
719 367 873 430 aman
894 347 988 431 vr'
1167 363 1229 434 205

187 497 289 560 Eruet
302 494 356 560 ille
369 495 487 580 Argos,
502 491 842 580 Agamemnoniasque
857 487 1026 579 Mycenae,

186 605 367 690 Ipsumque
380 597 549 677 AEaciden,
563 619 666 686 genus
683 598 911 686 armipotentis
924 597 1042 662 Achilli
1057 621 1066 678 3
1183 609 1229 666 too

187 707 283 770 Ultus
295 727 374 770 avos
387 703 510 794 Trojae,
524 705 646 792 templa
659 721 692 768 et
705 719 862 768 temerata
874 703 1042 768 Minervae.

186 881 268 912 currus
280 862 346 910 multi
359 881 395 927 ap.
409 865 488 910 lleins.
500 877 523 910 et
534 865 628 918 Burm,
640 865 717 910 minus
726 864 794 910 benc.
802 878 901 909 currum
912 859 998 909 Medic.
1010 877 1105 925 quoque
1117 867 1231 926 agnoscit,

188 953 231 984 aec
243 952 290 984 aon
300 937 365 982 Rom.
377 952 430 982 cum
439 937 553 982 drusiana
565 936 648 981 Messa.

186 1079 262 1112 cenas
275 1062 410 1125 nominat,
424 1061 450 1111 in
465 1073 583 1112 veterum
601 1059 686 1111 histo·
736 1059 903 1110 emendatius
916 1058 1012 1129 legitur
1023 1056 1131 1110 meliore
1144 1059 1234 1112 Saote-

187 1143 296 1194 riarum
307 1142 461 1194 memoriam
480 1139 627 1210 jucundam
652 1141 687 1191 si·
736 1141 773 1191 nii
780 1141 898 1210 judicio)
904 1139 1001 1210 frepit,
1009 1137 1124 1205 Achille,
1134 1139 1233 1208 domos,

187 1221 243 1272 mul
259 1234 286 1273 et
304 1235 459 1292 augustam:
478 1233 507 1271 ut
521 1222 577 1288 jam
597 1219 645 1270 lib.
659 1221 687 1284 l,
735 1219 791 1289 (sic
810 1223 957 1291 conjunge:
971 1219 997 1269 h.
1011 1239 1034 1270 e¹
1050 1219 1169 1270 Paullum
1183 1234 1235 1272 tes-

190 1300 240 1352 283
248 1331 282 1340 -
291 1301 341 1353 285
352 1301 453 1352 lactum
466 1299 580 1350 vidimus
590 1319 597 1360 ς
609 1317 688 1370 quem
738 1313 797 1364 tor,
812 1302 857 1370 qui
877 1302 972 1352 Persen
984 1301 1048 1350 vicit
1065 1313 1092 1352 et
1110 1301 1235 1354 Macedo·

189 1380 278 1432 locum
296 1383 348 1445 cf.,
367 1383 430 1432 item
448 1379 526 1432 ovid.
549 1381 618 1430 Fast.
638 1380 688 1442 Vl,
737 1382 808 1430 niam
828 1379 948 1451 subegit,
965 1397 1014 1450 pro
1035 1398 1089 1449 qua
1107 1395 1237 1434 memorat

189 1461 240 1528 47,
253 1461 301 1512 ubi
312 1463 397 1512 luno:
419 1460 550 1512 Paeniteat
560 1459 670 1530 Sparten
679 1497 688 1524 ‚
738 1472 842 1531 gentem
855 1461 953 1530 regiam
965 1459 998 1510 ab
1009 1459 1111 1512 Achille
1122 1463 1236 1532 origines

188 1539 339 1610 Arposque,
361 1557 483 1610 measque
499 1538 691 1606 Mycenes,lit
738 1537 890 1610 petentem)
911 1551 937 1590 et
958 1557 989 1589 ex
1010 1538 1073 1590 Silio
1094 1539 1151 1606 XV,
1170 1557 1237 1610 291,

189 1629 298 1669 veterem
311 1619 388 1670 Latio
400 1618 561 1689 supposuisse
573 1623 667 1668 Samon
680 1637 688 1666 .·
741 1635 790 1688 292
803 1618 837 1670 de
849 1617 972 1690 Philippo
983 1621 1069 1670 Persei
1082 1634 1157 1692 patre
1167 1644 1173 1671 :
1184 1621 1237 1673 Hic

189 1697 215 1748 h.
229 1717 252 1750 e.
272 1698 435 1770 subjugasse.
454 1699 627 1768 Quantopere
641 1715 689 1748 au·
736 1710 815 1771 pente
832 1703 962 1772 syropus,
984 1699 1126 1772 veterisque
1138 1701 1171 1752 ab
1183 1701 1239 1751 ori-

189 1791 242 1830 tem
254 1781 366 1831 victoria
379 1779 412 1831 de
429 1778 607 1830 Macedonum
619 1779 690 1850 Repe
737 1779 801 1850 piae
814 1780 887 1851 repni
897 1779 1036 1829 AEacidum
1047 1781 1151 1850 sceptris
1160 1799 1240 1852 proa-

189 1860 285 1910 Perseo
304 1859 426 1912 afflixerit
444 1857 590 1923 Graeciam,
604 1877 634 1910 ax
646 1859 691 1908 Li·
740 1875 823 1929 voque
841 1858 958 1908 tumebat
968 1856 1080 1908 Achille.
1094 1860 1237 1926 Quomodo

188 1941 233 1990 vio
256 1939 386 2009 intelligas
409 1939 491 2004 XLV,
517 1940 547 1990 31
569 1955 624 2009 seq.
650 1937 691 1989 sd
739 1937 1238 2012 Macedonumregesabdehillegenus

190 2030 312 2088 tempora
324 2017 388 2069 bclli
399 2017 509 2086 Troiani
521 2005 630 2088 a'poeta
644 2035 689 2068 ac·
741 2015 838 2068 ducere
855 2018 1009 2087 potuerint,
1027 2019 1073 2086 qui
1092 2020 1238 2072 lleraclidae

192 2096 362 2148 commodata
374 2109 435 2148 sunt
450 2096 569 2166 reliqua,
582 2095 691 2166 praeela-
740 2108 830 2152 erant,
848 2097 875 2144 in
893 2108 968 2145 tanta
988 2099 1239 2151 commentariorum

192 2193 220 2226 rc
233 2178 341 2246 utique,
353 2177 374 2226 si
383 2174 439 2225 lraec
450 2177 537 2225 AEneae
547 2191 692 2244 represen·
741 2176 768 2223 in
777 2186 920 2244 utrumque
930 2173 1018 2224 locum
1029 2175 1099 2225 mole
1107 2179 1239 2230 neminem

192 2267 249 2306 tata
266 2255 439 2306 memineris:
458 2255 550 2321 itaque
569 2254 692 2304 Perseum
741 2252 796 2304 vidi
809 2250 914 2303 docere.
930 2251 1039 2303 Videtur
1052 2253 1085 2304 ad
1094 2267 1240 2308 maternam

193 2336 293 2386 victum
317 2332 462 2404 appellavit
489 2331 634 2397 AEaciden,
658 2331 692 2382 ab
742 2335 851 2402 stirpem
873 2331 907 2382 ab
935 2330 1093 2403 Olympiade
1118 2351 1173 2386 esse
1197 2353 1240 2386 re-

193 2411 296 2465 Achille
314 2411 471 2473 oriundum3
485 2411 551 2481 quid
570 2412 639 2462 enim
659 2409 693 2462 ad
743 2411 894 2475 dcundum,
908 2428 966 2482 quae
982 2425 1038 2464 erat
1054 2413 1240 2486 Neoptolemi,

192 2495 370 2565 Trojanorum
393 2510 498 2544 sensum
516 2493 600 2544 laetius
621 2493 694 2563 cogi·
742 2493 816 2564 Epiri
829 2491 858 2542 ll.
868 2529 876 2556 ,
887 2491 948 2543 lilia.
961 2491 1014 2542 vid.
1031 2493 1125 2544 lustin.
1140 2496 1185 2545 Vll
1193 2534 1201 2560 ,
1214 2497 1239 2548 6.

194 2576 245 2628 tari
258 2585 359 2646 poterat
369 2611 377 2638 ,
389 2590 469 2642 qnam
479 2569 589 2623 Achillis
602 2584 694 2643 poste·
743 2575 799 2625 Hac
811 2574 914 2625 ratione
933 2573 1055 2625 universe
1074 2589 1194 2642 sertata,
1208 2576 1241 2649 dp

194 2675 238 2708 ros
255 2651 401 2726 aliquando
420 2653 541 2722 'l'rojanis
563 2670 621 2704 esse
637 2671 694 2724 poe·
743 2655 820 2704 Perse
837 2665 944 2716 tamen,
965 2671 998 2704 an
1016 2653 1049 2706 ad
1063 2671 1121 2705 eum
1143 2673 1166 2706 r.
1191 2657 1242 2722 840

195 2753 243 2788 nas
264 2734 373 2785 daturos
390 2732 548 2784 calamitatis
571 2733 694 2801 Trojanis
743 2731 898 2784 referendus
920 2733 969 2796 sit,
989 2731 1077 2784 adhuc
1097 2739 1179 2804 quaeri
1195 2755 1243 2808 po-

194 2814 287 2878 illatte,
307 2825 333 2866 et
350 2831 447 2864 eversae
465 2813 553 2876 urbis,
573 2811 694 2882 adeoque
744 2825 803 2864 test.
815 2812 904 2878 Quum
917 2813 986 2862 enim
1000 2813 1083 2864 multo
1096 2817 1178 2886 magis
1193 2817 1244 2868 ob-

195 2894 356 2965 templorum
378 2893 464 2961 Trojte
486 2893 646 2944 violatorum
669 2905 695 2943 et
743 2895 816 2943 vium
832 2893 882 2954 ait,
904 2891 980 2941 Ennii
996 2893 1132 2962 exemplo,
1151 2895 1244 2945 AEeci·

196 2972 378 3042 direptornm3
393 2971 439 3022 sed
458 2973 594 3043 ingeniose
613 2990 695 3022 unum
744 2971 802 3022 dem
813 2969 846 3022 de
861 2969 960 3041 Pyrrho
980 2970 1053 3040 Epiri
1071 2973 1115 3034 ll.,
1129 2986 1174 3023 aut
1187 2977 1243 3042 ejus

198 3051 307 3122 aliquod
320 3052 441 3116 lacinus,
455 3063 484 3100 ut
503 3063 598 3120 poeta,
612 3061 638 3102 et
655 3052 697 3100 in·
744 3051 871 3121 progenie
883 3051 1021 3120 accipere,
1035 3049 1133 3120 quidsi
1146 3048 1244 3123 Regem

197 3134 290 3205 primis
310 3132 398 3200 Ajacis
418 3132 579 3201 impietatem
592 3133 619 3181 in
633 3130 697 3182 Cas·
745 3147 795 3200 pro
815 3147 913 3200 reguo,
934 3128 1056 3199 adeoque
1076 3149 1125 3200 pro
1147 3131 1244 3202 Epiro,

199 3210 324 3264 sandi-am
337 3220 482 3272 memorat,
503 3221 628 3278 tauquam
649 3225 697 3258 ue·
747 3207 1058 3282 dictum,nutAEaciden
1075 3230 1141 3282 pro,
1155 3213 1246 3263 AEaci-

198 3289 311 3342 fandum
324 3289 443 3360 inprimis
454 3286 549 3352 scelus,
558 3304 611 3355 quo
621 3285 698 3336 achi·
747 3287 803 3351 das,
813 3289 944 3360 Epirotas,
953 3288 1144 3342 dietosltabeas
1152 3291 1248 3342 :Eruet

199 3372 226 3422 ri
250 3369 360 3420 deorum
382 3369 426 3418 irae
449 3379 475 3417 et
498 3363 620 3416 vindictae
641 3383 698 3417 sese
750 3364 821 3431 ille,
848 3367 954 3418 Paullus
976 3368 1116 3433 AEmilius,
1138 3370 1245 3442 Arpos,

201 3449 405 3500 obstrinxerant.
420 3447 453 3498 cf.
472 3463 530 3517 sup.
548 3447 623 3513 1,39
640 3463 697 3516 sqq.
749 3449 893 3518 Mycenes,
907 3450 1042 3522 ipsamque
1060 3451 1197 3522 Epyrum‚·
1219 3467 1249 3505 ut

199 3528 345 3600 Augustior
355 3526 422 3579 adeo
432 3545 521 3578 rerum
531 3529 632 3598 speeies
643 3525 702 3578 red·
749 3526 834 3580 Paulli
850 3527 1014 3579 incredibilis
1028 3529 1178 3582 immanitas
1195 3546 1250 3584 res-

201 3607 274 3659 ditur
294 3608 373 3658 etiam
399 3606 443 3658 hic
466 3607 593 3678 religione
617 3605 699 3658 illata.
750 3608 883 3680 pielatur,
902 3625 955 3678 qua
976 3625 1030 3658 una
1049 3607 1092 3661 die
1112 3623 1168 3663 tota
1187 3613 1249 3686 Epi-

201 3687 282 3755 Quod
315 3699 403 3738 autem
433 3687 520 3740 Persei
550 3705 633 3758 genus
667 3685 701 3738 tttl
751 3707 795 3738 rus
818 3687 936 3759 direpta,
954 3699 981 3738 et
1001 3689 1070 3738 Lxx
1087 3691 1249 3762 oppidorum

201 3766 331 3818 Achillem
356 3767 450 3816 referri
473 3768 506 3816 sit
528 3767 651 3831 solitum,
671 3785 702 3818 ex
751 3767 819 3818 muri
829 3769 935 3819 fuerunt
944 3765 1250 3838 dimti.Vid.Liv.XLV‚

202 3847 341 3916 Propertio
358 3843 518 3896 illustratum
538 3857 576 3896 est
589 3847 624 3896 tv
636 3858 700 3897 extr.
752 3847 794 3914 34.
815 3847 911 3900 Strabo
935 3847 1000 3915 Vll,
1021 3865 1081 3920 pag.
1105 3849 1164 3919 496,
1189 3853 1250 3906 Plu.

204 3925 255 3994 39:
271 3926 307 3975 Et
319 3936 401 3976 testor
419 3943 495 3989 eum,
517 3925 570 3995 Qui
591 3925 701 3991 Persen,
752 3926 835 3979 tarch.
850 3929 877 3977 in
890 3926 981 3977 Paullo
994 3947 1053 3998 paq.
1069 3944 1127 3997 27¹·
1139 3932 1252 3984 Videtur

201 4003 295 4075 proavi
320 4001 485 4056 simulantem
505 4014 594 4075 peetus
612 4001 704 4056 Aelnil-
753 4007 808 4067 sic,
830 4019 957 4077 tanquam
980 4005 1013 4058 ad
1037 4013 1249 4079 excusationem,

204 4081 253 4151 lis,
266 4084 299 4136 Et
313 4083 429 4138 tumidas
441 4101 540 4156 proavo
553 4083 621 4154 (hoc
633 4101 704 4138 nunc
753 4087 887 4158 subjectus
905 4105 962 4142 esse
982 4105 1007 4138 v.
1024 4087 1071 4155 841
1099 4087 1174 4144 Ultus
1192 4109 1252 4144 aves
