2996 4694
253 398 306 486 νὴ]
534 397 806 466 νοιυΜιΝιε
829 399 999 466 Tenen

253 594 404 654 Excursus
424 595 461 655 V.
483 593 629 677 Deiphobe
648 594 761 678 Sibylla
780 611 808 658 et
824 597 955 658 sacerdos
974 640 1164 659 .......
1225 521 1283 656 653

252 707 404 766 Excursus
424 709 475 767 VI.
496 711 604 769 Remus
623 729 725 769 aureus
733 752 1164 771 ...............
1226 707 1285 768 225

254 819 407 880 Excursus
427 821 493 880 VII.
513 823 558 882 De
575 825 692 884 Misesw
702 865 1165 884 ................
1227 821 1284 882 226

255 935 405 996 Excursus
426 935 506 997 VIII.
540 935 754 1020 Choroqraphia
790 937 916 1000 Iocorum
946 939 1102 1022 infcurum
1132 959 1167 998 ex

489 1066 578 1134 poetae
599 1067 692 1113 mente
709 1096 958 1114 ..........
979 1096 987 1113 .
1009 1094 1168 1113 ......
1228 1050 1288 1110 226

123 1203 132 1216 .
254 1163 407 1225 Excursus
428 1166 479 1225 IX.
499 1169 545 1226 De
554 1165 729 1249 fluminibus
750 1167 906 1250 infemrum
919 1208 1168 1227 .........
1229 1165 1287 1224 230

255 1277 410 1338 Excursus
429 1281 466 1337 X.
493 1281 651 1338 Descensus
670 1279 709 1336 ad
728 1279 832 1359 inferos
851 1302 892 1340 au
911 1301 947 1340 ex
967 1281 1056 1341 initiis
1079 1277 1170 1340 Eleu-

491 1392 573 1448 siniis
592 1391 629 1449 sit
646 1389 830 1450 adumbmtus
832 1434 1170 1453 ............
1231 1391 1288 1452 232

256 1505 410 1564 Excursus
429 1503 481 1561 XI.
501 1505 546 1562 De
556 1500 705 1584 judicibus
724 1502 803 1584 apud
822 1504 926 1586 inseres
928 1546 1171 1564 .........
1233 1505 1288 1565 233

256 1617 409 1678 Excursus
428 1617 470 1675 XI
480 1616 505 1673 ⁴⁶.
528 1617 617 1697 Otyia
637 1614 784 1677 Bacchica
802 1630 951 1698 poetarum
972 1615 1067 1676 usibus
1088 1617 1174 1675 inser»

495 1732 602 1789 vienn'a
623 1772 1173 1791 ...................
1235 1731 1293 1791 235

258 1842 410 1902 Excursus
430 1841 526 1902 ΧΨ.
551 1845 689 1923 Tempom
705 1840 853 1904 descensus
865 1845 965 1902 AEneae
979 1842 1018 1902 ad
1031 1841 1174 1924 Elysium.
1235 1845 1293 1903 236

259 1955 414 2015 Excursus
435 1933 500 2015 IIII.
521 1958 566 2015 De
585 1953 741 2016 Salmoneo
745 1998 1177 2018 ...............
1236 1957 1293 2018 238

260 2069 411 2129 Excursus
431 2069 511 2130 XIII.
532 2071 707 2130 Animarum
728 2072 851 2150 oriqines
870 2051 988 2152 effata.
1017 2112 1175 2129 ......
1237 2071 1294 2148 239

261 2184 412 2245 Excursus
432 2185 511 2246 XIV.
533 2187 709 2247 Futurarum
726 2207 820 2246 rerum
837 2186 1033 2267 peoedictiones
1051 2188 1082 2246 in
1098 2187 1178 2268 epico

497 2303 633 2362 carmine.
655 2346 662 2360 .
686 2344 693 2358 .
715 2346 722 2360 .
745 2323 748 2330 ·
748 2343 1178 2362 ...............
1238 2297 1297 2374 244

260 2414 413 2473 Excursus
433 2414 498 2473 XV.
518 2417 613 2474 Portae
633 2415 745 2474 Somni.
775 2452 1177 2474 ..............
1239 2410 1297 2492 249

261 2561 404 2620 AEucmos
425 2580 514 2620 um
535 2579 689 2620 summus.
710 2562 921 2642 Acqumemum
924 2602 1177 2621 .........
1239 2559 1296 2620 253

263 2710 413 2770 Excursus
435 2711 465 2783 I,
486 2709 524 2768 sd
537 2709 654 2768 librum
668 2710 734 2769 VII.
755 2712 800 2770 De
814 2710 911 2771 caieta
924 2721 951 2769 et
964 2705 1064 2768 Insula
1080 2707 1183 2768 Circes.
1242 2705 1299 2766 350

263 2823 417 2882 Excursus
437 2821 485 2882 I*.
506 2826 612 2884 Pecten
631 2837 660 2883 et
678 2820 773 2902 Κιμὶς
794 2825 826 2882 in
845 2823 967 2904 antiqua
987 2821 1118 2881 textrina.
1141 2863 1149 2878 .
1171 2863 1180 2878 .
1241 2815 1299 2892 354

262 2935 413 2996 Excursus
434 2936 472 2996 II.
492 2938 537 2997 De
556 2957 670 2997 accessu
689 2939 789 2996 AEueae
809 2935 849 2994 ad
866 2932 986 2996 Italiam
988 2974 1181 2994 .......
1242 2929 1300 2992 356

264 3049 415 3111 Excursus
434 3049 487 3110 III.
512 3053 557 3110 De
583 3049 729 3123 locorum,
756 3052 787 3109 in
811 3070 875 3130 quse
898 3045 1018 3130 ijani
1037 3067 1182 3107 escensum

494 3164 606 3246 fecem,
632 3165 688 3223 situ
708 3187 717 3222 .·
742 3163 868 3244 adeoque
891 3161 926 3221 dc
949 3183 1019 3243 aqm
1044 3163 1184 3221 Lentem

502 3292 532 3338 et
551 3275 639 3361 ija
654 3299 744 3352 nova,
765 3276 881 3339 urbibus
898 3279 1041 3339 laurento
1059 3290 1087 3337 et
1100 3277 1183 3336 Laui·

499 3393 566 3466 nio,
592 3393 730 3452 Numisio
747 3391 860 3474 fluvio,
884 3393 1018 3454 Iutumoe
1046 3388 1127 3458 heu,
1157 3397 1187 3443 et

501 3503 568 3564 urbe
586 3501 665 3565 Alba
685 3507 788 3588 Lonqu
790 3540 1183 3567 ..............
1244 3497 1297 3557 361

265 3619 415 3677 Excursus
433 3618 485 3678 IV.
508 3621 615 3682 Veteris
634 3617 730 3680 Italiae
751 3620 887 3698 on'ymes,
907 3611 1008 3697 populi
1028 3625 1056 3671 et
1066 3608 1181 3693 fabulae

503 3754 538 3793 ac
558 3733 708 3816 reliqecnes
721 3769 1181 3792 ................
1244 3723 1301 3784 366

268 3846 417 3908 Excursus
438 3849 474 3906 V.
504 3847 639 3907 Historiae
670 3846 769 3904 veteris
798 3839 932 3924 mythice
963 3837 1057 3902 Italiae
1089 3840 1185 3920 capita

503 3962 616 4040 potiora
633 3956 667 4017 de
686 3959 827 4032 Saturno,
847 3957 942 4029 Iano,
962 3955 1048 4025 Pico,
1069 3955 1186 4027 Fauno,

505 4073 607 4134 Laeuo
609 4105 1176 4135 ....................
1241 4061 1300 4142 376
