2956 4680
405 397 638 464 AENEIDOS
661 398 816 464 LIBER
837 402 945 470 Vlll.
1127 415 1189 502 429

204 518 265 582 Vix
277 541 315 584 ea
327 515 428 599 dicta3
441 520 561 588 dehinc
573 545 778 610 progressus,
792 543 950 592 monstret
961 545 994 594 et
1004 551 1106 615 aram,

162 622 204 688 Et
216 625 452 691 Carmentalem
464 630 612 692 Romano
624 629 757 692 nomine
770 648 896 717 portam

160 730 266 810 Quam
278 751 474 812 memorant,
488 733 640 822 nymphae
653 735 796 821 priscum
808 737 988 804 Carmentis
1000 740 1173 827 honorem,

161 836 251 900 Vatis
264 835 416 916 fatidica,
430 839 548 904 cecinit
560 861 633 926 quae
645 840 750 927 prima
762 841 890 907 futuros
1145 865 1189 922 atu

162 941 319 1007 AEneadaa
332 965 480 1031 magnos,
495 960 527 1007 et
540 943 649 1034 nobile
662 945 872 1011 Pallanteum.

162 1045 248 1112 Hine
260 1046 369 1112 lucum
382 1049 562 1136 ingentem,
577 1071 676 1137 quem
687 1052 848 1118 Romulae
857 1075 932 1118 acer
941 1057 1075 1147 Ae'ylum

161 1151 311 1230 Rettulit,
326 1169 358 1216 et
369 1152 476 1239 gelide
488 1171 647 1218 monstrat
657 1154 718 1218 sub
730 1179 812 1244 rupe
827 1160 1000 1248 Lupercal,

161 1259 331 1323 Parrhasio
344 1257 468 1323 dictum
480 1261 584 1324 Panos
597 1259 639 1324 de
651 1283 742 1326 more
755 1264 870 1352 Lycaei.

160 1467 208 1510 nita
216 1463 320 1510 Parthas.
329 1489 360 1500 -
370 1463 423 1526 337.
433 1463 484 1508 dein
492 1463 606 1510 Montalb.
620 1472 643 1510 et
652 1479 715 1510 arma
726 1464 811 1512 Medic.
823 1491 854 1502 -
865 1467 917 1515 338.
929 1471 1025 1520 Romani
1032 1482 1118 1525 stamine
1129 1483 1189 1532 Cud.

161 1549 213 1580 cum
227 1547 327 1597 quatw
339 1533 390 1579 aliis
404 1533 495 1588 lleins.;
509 1533 569 1579 adde
583 1534 682 1589 Medic.;
697 1549 741 1580 nee
755 1551 875 1598 assequor,
892 1539 953 1585 unde
965 1540 1014 1588 liae
1027 1545 1096 1594 lectio
1112 1557 1190 1601 venire

160 1605 270 1666 potuerit.
282 1629 314 1640 -·
322 1603 374 1663 339.
386 1613 492 1649 memorat
501 1602 569 1648 Goth.
580 1619 626 1649 seo.
634 1607 732 1666 primum
742 1605 767 1650 C.
778 1606 888 1662 Dudum,
899 1623 926 1654 ex
939 1611 1140 1677 interpretatione,
1151 1640 1191 1670 ar·

159 1675 242 1721 bitror,
258 1676 448 1737 interpunctione
463 1675 535 1720 refeci
554 1674 630 1720 locum
648 1691 654 1720 τ
670 1675 702 1720 Et
717 1676 877 1722 Cannerualem
891 1679 990 1727 Romarm
1005 1691 1091 1734 nomine
1104 1702 1193 1753 portam

162 1745 236 1804 Quom
245 1753 379 1800 ΝΟΜ,
391 1744 503 1808 Nympha»
512 1748 611 1807 priscum
622 1747 745 1791 Carmentis
755 1745 857 1792 homnem
863 1782 871 1804 ,
886 1749 951 1795 Vatis
958 1751 1067 1814 famil-a.
1083 1761 1192 1824 Apposita

160 1827 214 1862 mm
224 1831 230 1860 :
240 1814 474 1878 portam-honorem
490 1813 602 1877 Nympha
614 1817 745 1860 Cannentis.
761 1817 831 1862 Antea
846 1820 1053 1884 interpunqebatur
1066 1832 1098 1876 sic
1109 1848 1114 1877 ε
1126 1835 1157 1878 Et
1166 1837 1191 1882 C.

160 1909 192 1921 -
199 1893 304 1948 mmm:
318 1885 389 1943 Qum„
400 1893 522 1930 mmmm
530 1883 642 1947 Nymphai
651 1889 751 1948 priscum
760 1887 885 1934 Carmentis
894 1887 997 1937 honoiem
1012 1897 1077 1943 Vatis
1080 1901 1190 1962 jattdscoe.

160 1954 195 2000 122
206 1954 303 2016 frigebat
315 1965 377 2000 totus
385 1953 423 2000 hio
434 1969 525 2010 verens,
536 1966 562 1999 ut
574 1971 627 2000 eum
639 1971 770 2018 expungere
780 1956 872 2003 mallem
883 1975 888 2004 :
899 1960 1029 2021 expeditior
1041 1971 1101 2013 enim
1113 1971 1193 2020 luisset

160 2026 236 2070 oratio
246 2040 251 2068 :
263 2024 295 2068 Et
304 2023 466 2068 Carmentalem
476 2026 575 2070 Bonsano
586 2028 672 2071 oonsine
682 2035 770 2087 portam
786 2028 849 2071 Vatis
853 2028 962 2088 satida-te.
972 2058 1004 2068 -
1013 2034 1065 2090 34ι.
1076 2048 1097 2082 et
1107 2047 1193 2090 stamine

161 2096 189 2139 p¹
201 2094 264 2138 pom,
276 2092 369 2148 ..m
379 2109 446 2155 asper
453 2109 489 2155 pr.
501 2095 595 2149 hamb„
607 2095 647 2140 sed
659 2111 711 2140 acer
719 2095 824 2141 defendit
832 2099 922 2153 Burm.;
932 2114 1006 2158 reete,
1019 2119 1062 2150 nee
1072 2120 1147 2157 tamen
1158 2131 1194 2160 ex-

161 2162 236 2226 pedit.
247 2163 318 2218 Acer,
328 2175 354 2208 ut
366 2155 456 2224 δῂιμὺς,
469 2175 503 2209 est
514 2165 590 2224 poetis
600 2163 737 2209 vocabulum
747 2166 866 2226 proprium
877 2171 977 2214 virorum
989 2173 1095 2232 fortium,
1107 2178 1193 2242 dpaaes·

161 2231 218 2286 ιὸι,
229 2235 262 2279 uti
271 2233 326 2279 aliae
335 2235 444 2295 impiger,
454 2247 573 2296 promtus,
583 2237 705 2279 animosus.
714 2234 804 2291 -344,
812 2237 919 2282 Parnasia
928 2239 992 2284 llam.
1002 2243 1029 2286 a·
1038 2257 1109 2292 monte
1118 2251 1192 2312 Biqot.

162 2316 186 2350 et
198 2303 266 2349 Goth.
281 2315 334 2350 tert.
348 2306 432 2366 sieque
445 2303 581 2350 emendabat
594 2305 631 2349 lo.
647 2302 799 2361 Selii-ederus,
813 2307 886 2352 tundo
896 2311 1062 2360 emendationis
1073 2319 1096 2362 in
1108 2320 1192 2369 Ouidio

162 2374 274 2437 quaesito:
286 2375 345 2419 Fert.
359 2375 393 2429 ll,
406 2373 463 2432 4²3,
476 2374 537 2432 Quid
546 2383 607 2420 vetat
618 2375 717 2420 Arcadio
728 2376 805 2421 duem
815 2393 829 2421 a
842 2387 915 2424 nsonte
925 2381 1053 2442 lamnas?
1066 2389 1157 2438 Fuimus
1171 2397 1194 2439 in

161 2443 262 2489 Amata
278 2442 360 2506 templa
374 2445 468 2502 lycaeus
481 2443 554 2490 labet.
570 2445 604 2490 lta
618 2447 678 2491 erit:
695 2445 805 2507 anemal
815 2447 899 2492 dianam
912 2450 939 2494 de
953 2461 1025 2498 monte
1040 2457 1106 2503 Panis
1121 2462 1195 2520 Lycaei

162 2511 291 2558 Parrlmsio.
303 2529 408 2576 quenon
420 2515 480 2560 bene
490 2517 639 2560 conveniunt.
649 2517 708 2561 Sane
718 2525 812 2562 montem
823 2518 1040 2584 Parrlmsiumputes
1050 2541 1098 2574 esse
1108 2529 1194 2580 debere

161 2579 189 2630 qt
202 2581 245 2646 ξμς
256 2579 390 2647 ualidam.
402 2587 431 2631 At
442 2599 504 2630 nunc
516 2588 560 2631 erit
570 2586 656 2632 dietum
667 2603 710 2649 pro
721 2589 840 2635 Arcadico.
852 2591 919 2650 Lycei
927 2592 986 2640 male
996 2611 1103 2646 excusum
1114 2617 1126 2646 a
1136 2605 1194 2650 Bur-

161 2665 255 2700 mann.
265 2655 303 2700 Est
314 2653 369 2700 urbs
377 2654 480 2701 Arcadiae
491 2649 583 2712 Λῦιιμιι
595 2669 618 2702 et
630 2655 674 2718 ipse
683 2652 794 2712 nima,
806 2658 860 2705 vide
869 2659 906 2706 vel
914 2661 1008 2708 Pausan.
1019 2667 1083 2724 Vlll,
1097 2684 1109 2715 a
1121 2685 1144 2717 et
1155 2673 1191 2720 38.

162 2723 192 2768 m
199 2715 226 2769 al
234 2717 326 2770 Ariassos
339 2722 405 2783 (scil.
418 2716 487 2788 ispi»)
501 2727 525 2770 iu
539 2742 587 2790 quo
600 2729 755 2792 gymnasium,
771 2740 794 2774 et
803 2725 939 2792 aspiremus,
951 2733 1057 2794 Athenis,
1074 2751 1097 2784 et
1111 2743 1194 2804 Apollo

162 2897 306 2967 pinquum,
318 2898 411 2950 saltem
422 2918 454 2952 ex
465 2918 545 2954 sensu
561 2915 587 2955 et
605 2921 655 2954 uo·-
702 2906 750 2968 IV,
766 2921 776 2955 r
789 2908 876 2975 etjam
886 2906 983 2958 Tibull.
996 2909 1033 2973 ll,
1049 2909 1079 2973 5,
1096 2928 1127 2981 ¹9
1139 2931 1193 2984 sq,

163 2977 235 3026 tione
245 2978 337 3045 prisce
344 2978 463 3043 Graeeie,
476 2983 519 3031 oui
531 2982 654 3035 occident
702 2985 746 3035 ille
754 3003 784 3036 ex
795 3003 856 3052 sua,
866 2985 909 3036 hie
918 3003 950 3037 ex
959 2987 1061 3058 Sibyllae
1072 3008 1193 3059 persona.

163 3055 233 3106 inter
244 3066 327 3106 terrae
337 3058 440 3127 ignotas
450 3072 475 3110 et
485 3061 581 3113 invisae
589 3073 653 3113 erat.
704 3063 871 3116 Pallanteum
877 3064 1014 3117 Palatium.
1021 3070 1144 3140 el.sup.v.
1152 3071 1194 3138 54.

163 3161 198 3170 -
210 3131 269 3202 337.
283 3150 357 3183 aram
367 3135 515 3190 Carmentis
528 3157 574 3191 eeu
591 3143 656 3192 Car·
740 3144 799 3209 342.
819 3143 879 3208 344.
898 3143 986 3195 lucum
996 3175 1028 3184 —
1038 3148 1147 3219 Asylum
1158 3152 1192 3203 el.

164 3223 271 3278 menta,
290 3230 369 3282 quam
389 3217 528 3269 sevidisse
547 3232 658 3272 testetur
705 3221 759 3272 liv.
768 3223 821 3292 148.
830 3225 937 3296 Dionys.
947 3227 978 3277 ll.
993 3225 1031 3280 15.
1041 3229 1194 3298 rettuliteet,

161 3290 208 3344 sal
224 3301 326 3360 portam
344 3293 532 3346 Carmentalem
548 3297 654 3371 Dionys.
704 3301 855 3371 appellarit.
865 3303 934 3356 Male
942 3304 1018 3357 aliter
1025 3306 1095 3359 Serv.
1106 3322 1132 3360 et
1142 3311 1194 3362 alii.

164 3367 209 3420 lib.
222 3371 246 3434 l,
259 3369 292 3422 32
310 3370 344 3423 ad
360 3372 463 3425 radices
476 3374 608 3446 Capitolii.
621 3407 656 3418 -·-
703 3379 833 3450 lupercal
847 3381 897 3433 sub
914 3397 1002 3436 monte
1014 3387 1146 3455 Palatino,
1159 3392 1194 3441 cf.

164 3446 224 3500 338.
235 3461 339 3520 portam
351 3470 398 3522 per
409 3456 559 3523 appositum
572 3455 656 3509 lano·
704 3461 760 3510 Liv.
777 3461 804 3524 l,
822 3459 845 3511 5.
867 3461 973 3534 Dionys.
992 3464 1019 3529 l,
1036 3463 1078 3515 32.
1097 3467 1197 3518 dietum

164 3543 217 3576 rem
229 3527 360 3599 Nymplsoe
373 3532 528 3598 Carmentis,
541 3535 606 3588 valis
608 3536 657 3606 fn·
705 3541 791 3591 Panos
803 3541 888 3610 Lycaei
896 3543 1039 3613 Lupercal,
1050 3564 1145 3597 nomen
1155 3567 1197 3619 ge-

165 3606 257 3658 stilico.
268 3635 302 3646 -
314 3607 374 3675 340.
385 3609 444 3674 341.
455 3611 591 3683 lngeniose
601 3613 656 3666 hae
705 3639 765 3672 rens
778 3621 853 3673 Panis
866 3622 961 3693 Lyaei,
972 3627 1048 3694 quasi
1057 3627 1079 3676 is
1092 3645 1107 3676 ιι
1119 3626 1196 3692 nisae,

165 3706 181 3738 a
193 3699 273 3756 poeta
284 3689 381 3740 intexta
393 3705 469 3754 aunt,
488 3709 519 3744 ex
538 3693 657 3745 instituto
706 3697 799 3770 lapus,
812 3699 898 3752 dietus
908 3703 941 3754 sit
950 3725 956 3752 z
965 3723 1047 3774 prava
1057 3707 1197 3760 nonnullo-

164 3767 347 3840 praecipitandi
354 3768 657 3844 AEneidieargumenturu
706 3797 764 3830 rum
776 3780 949 3854 etymologia:
970 3800 1050 3852 quum
1063 3788 1150 3837 verius
1162 3788 1196 3842 ab

165 3847 658 3917 pernatioinia,seenndusnobservata
705 3857 771 3910 urbe
780 3873 902 3913 etmonte
910 3862 1028 3915 Arcadiae
1036 3864 1125 3936 Lyeaeo
1135 3865 1199 3918 duo-

165 3925 281 3995 Diequie.
291 3927 323 3976 ll.
333 3928 400 3997 inpr.
412 3945 433 3978 s.
442 3929 477 3979 Vl
485 3947 543 4001 sqq.
553 3931 659 3986 Senten·
707 3949 761 3988 turn
769 3941 802 3989 sit
811 3957 915 3993 nomen.
926 3941 957 3993 de
966 3961 1036 3994 more
1047 3943 1196 4012 Parrhasio,

165 4006 230 4057 tiam
244 4003 314 4058 hano
328 4006 446 4059 Maronis
463 4013 567 4062 ornavit
579 4011 657 4066 ovid.
706 4015 733 4066 lt.
746 4017 888 4080 Arcadiam
907 4020 941 4072 ad
957 4023 1102 4093 exemplum
1120 4025 1197 4077 Panis

164 4085 235 4139 Fast.
247 4087 273 4150 l,
284 4083 335 4154 475
343 4103 401 4157 sqq.
411 4085 461 4142 515
470 4107 528 4160 sqq.
538 4091 656 4164 Propert.
706 4094 789 4180 ljycoei
796 4101 902 4153 nomine
909 4099 943 4154 ol)
953 4101 1100 4157 Arcadibus
1107 4103 1197 4160 «lueto.
