3022 4682
453 397 688 464 AENntnos
710 399 864 464 LIBER
887 401 949 466 Vl.

181 523 271 590 Ostia
280 523 415 616 jamque
429 521 548 589 domus
560 542 695 611 potuere
708 524 852 612 ingentia
865 540 997 590 centurn

179 630 304 720 Sponte
316 651 389 710 sue,
403 631 550 719 vatisque
563 631 673 696 ferunt
685 652 841 718 response
854 653 914 719 per
925 655 1037 697 ouras:

184 767 198 796 a
211 739 242 802 Ο
253 736 386 802 tandem
398 739 524 826 mugnis
536 738 641 827 pelagi
655 735 811 803 defuncte
823 738 969 826 periclis!

177 842 243 908 Sed
256 859 342 908 terre
353 845 501 932 graviora
513 861 647 910 monent
661 867 667 908 :
683 844 716 908 in
729 867 829 932 regna
846 845 957 908 Lavini

180 947 377 1013 Dardanidae
389 950 538 1030 venient3
550 951 645 1014 mitte
656 948 742 1014 hanc
755 949 796 1014 de
809 965 944 1038 pectore
957 973 1085 1034 euram3
1194 970 1223 1018 tt

180 1051 325 1119 sednon
339 1070 371 1118 et
383 1056 511 1120 venisse
524 1055 646 1120 volent.
661 1053 762 1134 Belle,
777 1052 912 1119 horrida
922 1053 1023 1135 bellu,

210 1213 248 1259 81.
265 1229 363 1279 namque
378 1213 437 1261 alter
447 1215 575 1278 llamhurq·
587 1239 618 1250 -
632 1213 669 1260 82.
682 1217 783 1278 venique
798 1223 867 1259 ruunt
885 1213 956 1261 idem.
975 1214 1016 1261 sni
1027 1231 1097 1262 nurus
1114 1217 1189 1280 Sprot.
1203 1231 1227 1265 et

179 1284 249 1331 ooth.
262 1300 324 1343 teo,
343 1298 369 1332 ut
380 1285 444 1332 alibi.
460 1311 492 1322 -
503 1285 541 1342 84.
559 1287 617 1332 Due
626 1286 733 1332 codicum
745 1298 813 1332 tet-tte
824 1301 829 1332 :
842 1285 913 1332 altera
921 1319 929 1341 ,
946 1286 1006 1334 duce
1019 1289 1134 1344 Romano,
1155 1299 1227 1344 terre,-

180 1369 204 1405 ει
221 1357 266 1404 hoc
282 1360 417 1414 sententian
435 1357 520 1414 ultera,
536 1359 644 1405 Medieeo
659 1358 732 1416 duee,
751 1368 829 1412 terroe,·
845 1358 909 1421 quod
929 1373 991 1411 non,
1010 1373 1036 1405 ut
1054 1358 1127 1416 humi,
1148 1370 1226 1418 terre,

180 1431 329 1492 interpretari
342 1431 432 1487 malint,
445 1431 486 1477 ted
501 1439 566 1476 terre
579 1429 696 1494 periculi,
713 1443 738 1476 ut
755 1432 844 1477 Pierius
856 1447 951 1494 quoque
963 1432 1025 1478 laeit.
1044 1435 1108 1478 tetris
1120 1434 1226 1480 Perrhae.

178 1502 265 1562 mojotu
277 1511 368 1547 monent
379 1505 562 1566 spretumque
573 1499 682 1546 nonnulli
695 1501 780 1555 Pierii,
792 1503 875 1546 omitte
888 1517 960 1564 perp.
972 1503 1015 1556 od,
1028 1503 1093 1565 quod
1104 1503 1183 1549 lleiue.
1196 1503 1227 1551 ad

177 1569 210 1624 ll,
225 1572 267 1633 781
282 1571 390 1618 illustrat.
403 1587 471 1636 mpetu
487 1573 563 1617 Lutitti
576 1571 635 1616 eliot
648 1569 728 1630 legere
746 1583 824 1616 narret
836 1583 888 1633 pett
900 1571 1053 1618 Benedictutn
1066 1574 1090 1618 iu
1102 1573 1140 1618 ed.
1159 1575 1225 1620 lunt.

177 1640 281 1696 Pierius,
294 1645 363 1688 etiam
374 1644 484 1704 teriptoe,
496 1641 537 1688 ted
549 1657 578 1687 er
596 1639 785 1702 interpolatione.
799 1641 922 1688 Enimvero
938 1643 1026 1687 Lauinii
1036 1657 1103 1706 teque
1119 1643 1148 1690 eb
1167 1644 1226 1691 urhe

175 1725 236 1758 nove
247 1713 383 1770 condenda,
396 1715 506 1769 lavinio,
516 1713 579 1760 haud
590 1712 661 1762 dubie
674 1714 811 1775 exquisitius
821 1711 895 1769 dicte,
908 1725 931 1760 et
943 1714 973 1759 ed
982 1715 1089 1776 spiritum
1102 1715 1225 1762 fatidicum

175 1781 258 1828 melius
267 1796 322 1830 tunt
333 1795 483 1848 attemperata
493 1802 499 1840 ;
509 1799 553 1830 nee
563 1785 588 1828 in
598 1797 627 1828 eo
636 1781 763 1845 prolepsis,
778 1797 822 1828 nec
832 1783 926 1829 metrico
939 1784 999 1829 ratio
1010 1785 1035 1828 in
1048 1787 1125 1847 priore
1136 1783 1224 1850 syllaba

175 1866 281 1916 correpta
289 1870 429 1918 quemquam
438 1869 519 1903 tenere
527 1855 609 1901 debuit
617 1869 623 1900 ι
632 1870 654 1898 v.
665 1869 716 1915 tup.
725 1855 748 1909 1,
759 1870 780 1899 ι.
789 1857 848 1900 Sunt
856 1870 923 1919 reque
930 1855 1029 1900 lavinii:
1040 1855 1118 1917 itaque
1126 1858 1207 1918 trripti
1216 1891 1224 1914 ,

176 1936 202 1970 ut
214 1925 284 1971 debet
300 1929 411 1988 seriptum
424 1943 472 1974 etse
485 1940 588 1974 veterum
600 1941 663 1971 more
672 1959 679 1980 ,
689 1926 783 1980 lavini,
797 1937 822 1970 ιιι
836 1928 963 1988 etiamenp.
975 1927 998 1981 l,
1008 1925 1059 1972 258.
1073 1943 1125 1988 ²7⁰·
1136 1927 1224 1976 rudem

169 2009 225 2040 =nott
237 1997 313 2042 minut
325 1995 385 2042 bene
398 2012 465 2061 reque
475 1999 569 2042 lavinia
581 1995 689 2050 diuinet,
700 2007 726 2040 ut
738 1995 793 2041 alibi
805 2013 860 2041 nme
870 1999 976 2051 hoino,
987 1995 1050 2043 litote
1063 1997 1170 2053 meletii,
1185 2000 1225 2056 tv,

175 2065 228 2111 236.
241 2066 263 2120 Ι,
275 2081 295 2111 n.
307 2093 338 2103 -
347 2067 384 2112 85.
397 2084 455 2130 pone
472 2067 528 2114 lunc
539 2066 632 2113 Ventitl.
644 2066 728 2111 dimitte
740 2065 798 2112 huuc
809 2085 832 2132 p.
846 2069 911 2115 Leid.
925 2081 948 2114 et
958 2084 994 2130 pr.
1005 2069 1089 2114 Mutet.
1102 2093 1133 2104 -
1142 2069 1180 2114 86.
1195 2070 1223 2116 ln

175 2145 200 2182 et
207 2135 302 2182 turbant
314 2136 402 2183 librarii
411 2155 418 2194 ς
430 2151 453 2184 et
464 2137 502 2185 rel
511 2139 636 2190 omittunt,
648 2134 685 2182 rel
694 2137 815 2202 scribunt:
827 2139 872 2184 Sed
880 2155 925 2184 non
935 2140 1045 2193 evenisse,
1054 2138 1095 2182 ted
1103 2153 1147 2184 uon
1156 2139 1225 2184 edue-

176 2275 389 2346 Ft'npiturequut
398 2277 547 2348 emngiotro
555 2293 674 2348 premett-
723 2275 780 2326 ticae
792 2277 886 2347 eopia,
899 2287 955 2326 tunt
965 2274 1107 2327 verborum
1122 2275 1224 2346 ponde·

174 2355 227 2419 do,
238 2353 266 2405 h.
279 2375 302 2408 e.
313 2373 419 2426 prestus
433 2358 530 2420 irenis,
540 2371 674 2426 compres·
722 2374 765 2422 re,
774 2357 902 2430 «lignitate
915 2367 941 2408 et
950 2368 1046 2407 ornatu
1055 2375 1063 2416 ;
1071 2357 1150 2407 etiem
1163 2372 1224 2407 ora-

175 2451 235 2498 tut,
245 2437 384 2488 coercitus.
396 2436 430 2488 cf.
443 2455 502 2506 nup.
513 2437 538 2496 1,
548 2434 596 2496 63;
610 2451 673 2503 erqo
723 2439 803 2490 tionis
811 2435 1025 2490 noruinllexione
1033 2437 1221 2488 etvnrietione:

172 2511 254 2586 fingit
270 2516 411 2586 premendo
432 2534 481 2586 pro
498 2516 602 2586 premit.
627 2513 672 2564 Est
721 2529 751 2569 ut
766 2518 923 2588 plerumque
933 2514 1009 2581 loce,
1023 2533 1080 2586 qua·
1097 2516 1223 2568 vaticinia

173 2596 255 2646 etium
266 2595 402 2647 brevitatis
419 2594 476 2648 inus
488 2597 515 2646 in
528 2604 601 2646 tanto
613 2611 672 2644 ma·
721 2611 881 2668 exponunt,
911 2595 1067 2648 felicissime
1097 2597 1162 2646 ertit
1193 2598 1221 2647 in

170 2675 230 2747 qis.-
245 2675 382 2727 Subintell.
400 2675 446 2729 ted
468 2689 567 2746 quanto
587 2674 670 2746 mugit
719 2678 806 2748 poetis
818 2693 875 2729 este
885 2672 971 2728 solent
982 2696 989 2725 ι
1001 2673 1220 2746 quandoquidem

172 2755 218 2808 illu
236 2757 398 2822 baechatur,
416 2755 537 2826 adeoque
556 2754 671 2807 relucte-
719 2757 854 2828 poeticum
867 2756 988 2825 spiritum
1004 2747 1072 2805 'nihil
1090 2753 1222 2826 estquod

173 2848 232 2900 tur,
245 2849 317 2889 tanto
330 2837 474 2910 mequetc.
719 2855 794 2907 teque
813 2836 940 2906 recipiet,
966 2852 1047 2905 quatu
1070 2834 1220 2887 futurarum

209 2919 251 2970 8¹.
265 2918 307 2970 82.
323 2917 394 2968 Ostia
410 2917 518 2980 domm,
531 2913 619 2967 editus
636 2913 671 2966 od
719 2937 808 2970 nerum
821 2915 976 2986 descriptio.

172 2997 312 3048 interiores
328 3013 447 3047 recessus
466 2996 552 3046 nutri:
570 3014 594 3045 v.
610 3011 668 3064 eup.
755 2998 877 3068 83-89.
897 2997 975 3048 Dicta
993 2995 1050 3048 hec
1073 2993 1221 3048 secttndutn

173 3075 208 3143 45
221 3093 261 3145 sq.
283 3093 314 3126 ea
330 3087 421 3144 petere
438 3074 577 3138 dicuntur,
599 3093 630 3126 ee
649 3075 670 3124 ti
719 3077 813 3131 Heleni
826 3075 1024 3148 praedictionem
1036 3093 1094 3144 sup.
1105 3075 1157 3138 111,
1170 3075 1221 3140 458

173 3153 208 3206 de
226 3153 324 3223 templo
346 3165 482 3224 ageretur:
505 3156 579 3222 eujus
600 3155 671 3204 foret
720 3175 778 3228 sqq.
801 3158 873 3208 coni.
891 3155 1047 3226 preclarum
1068 3153 1157 3204 locum
1175 3155 1222 3204 Ti·

174 3245 270 3304 eponte
294 3246 385 3303 petere
406 3245 548 3284 narrentur
570 3231 671 3284 adven·
721 3233 889 3300 bulli11‚5‚
907 3236 941 3304 39
961 3251 1039 3304 sqq,
1056 3231 1220 3304 ubiSibyllte

174 3311 365 3364 tantadeomt
377 3329 421 3381 up.
432 3309 535 3362 Gallim.
546 3313 573 3362 in
583 3309 670 3380 Apoll.
723 3313 861 3366 oraculum
878 3313 1062 3383 aliotetnpote
1078 3330 1109 3363 tte
1122 3310 1220 3377 inodo,

173 3395 209 3458 3,
222 3395 254 3460 6,
267 3410 291 3462 7.
305 3391 427 3446 Putandtt
445 3404 534 3444 entem
545 3409 617 3442 nuno
634 3401 673 3442 est
724 3391 1221 3464 latiustntnen‚expoeitumestinrep-

175 3472 275 3545 sibylla
284 3471 390 3545 adytum
402 3473 537 3544 ingressa,
551 3469 602 3521 deo
615 3467 674 3540 ple·
724 3491 757 3524 ne
769 3469 864 3524 Lavini
872 3509 880 3535 ,
894 3470 1073 3522 adLeviniutu
1082 3491 1090 3529 ;
1100 3468 1152 3520 hoc
1165 3482 1221 3522 tan-

175 3571 227 3616 ne,
240 3571 271 3605 ex
281 3551 359 3624 adyto
369 3551 425 3604 haec
437 3551 590 3613 vociferari,
602 3549 672 3600 conf.
723 3553 784 3604 dem
796 3551 966 3602 menifestum
976 3550 1009 3604 tle
1022 3549 1109 3601 editus
1125 3548 1157 3602 ed
1169 3551 1220 3601 lta·

174 3651 200 3684 r.
217 3635 267 3703 98,
282 3651 347 3684 voce
363 3651 411 3702 per
431 3649 497 3684 cava
514 3632 583 3684 antri
602 3647 674 3682 reso·
723 3627 1219 3700 liuntlocovnticiniunt(eillDisqnit.

174 3727 274 3766 nante:
292 3724 321 3762 ut
340 3729 364 3762 v.
387 3711 428 3777 44.
451 3711 558 3764 AEneum
583 3723 672 3762 autent
721 3715 752 3766 de
760 3729 808 3764 rer.
821 3709 847 3762 in
855 3711 997 3762 AEntrect.
1006 3710 1101 3782 invent.
1112 3709 1160 3762 vol.
1174 3713 1218 3777 ΙΙ,
1233 3769 1238 3788 Ι

175 3804 237 3843 ente
257 3793 327 3844 fores
348 3789 502 3842 substitisse.
524 3791 559 3841 cf.
581 3809 606 3842 v.
627 3791 670 3860 98.
718 3812 746 3864 p.
761 3789 941 3865 51.)lleliqun
957 3791 1061 3864 egregie
1080 3789 1113 3844 ed
1126 3790 1219 3844 horro-

176 3870 256 3937 Quod
263 3871 549 3942 sequiturraticiniutn‚
559 3871 672 3922 ettintet·
720 3891 785 3936 rem,
795 3873 891 3943 partim
900 3889 986 3922 rerum
995 3869 1119 3942 exemplis
1128 3883 1153 3922 et
1162 3891 1220 3923 rer-

174 3949 322 4021 insigniota
339 3963 424 4022 poetn
442 3948 518 4012 loca,
538 3961 593 4000 tum
613 3967 672 4002 sen·
721 3951 817 4004 borum
834 3962 946 4014 ornatu,
964 3953 1059 4022 partim
1081 3969 1221 4023 eomputa-

175 4033 319 4084 tentinrnm
344 4031 484 4102 gravitate,
505 4028 673 4100 phantasma,-
723 4033 794 4082 tione
814 4049 873 4082 cunt
895 4031 973 4084 telius
994 4032 1134 4100 Trojanie,
1154 4049 1219 4101 qne-

176 4123 233 4166 tunt
249 4109 410 4165 sublimitate
425 4123 452 4164 et
467 4107 593 4162 doctrine
609 4127 672 4182 poe·
722 4129 781 4164 rutn
791 4113 939 4183 quantavis
950 4111 985 4168 ed
1001 4113 1090 4166 AEnee
1100 4111 1219 4164 mtituunt
