3028 4682
516 366 579 429 in
603 362 803 428 erenum
826 363 889 427 vr.
1163 369 1225 460 239

186 505 266 561 quam
274 487 408 542 Diodorus
421 499 565 554 memorat,
578 489 606 539 in
619 485 691 538 orbis
704 485 812 537 modum
827 486 917 549 facts,
931 502 984 556 qua
996 485 1044 556 per
1054 505 1148 541 ereum
1161 509 1228 561 pon·

184 583 238 620 tem
248 581 341 634 tracta,
350 571 440 640 fragor
448 567 503 619 carli
512 566 683 619 reddebatur.
690 567 728 617 lta
738 567 808 616 forte
821 576 889 616 esset
899 565 959 615 orbe
965 567 1089 636 pontibus
1097 569 1225 642 imposito.

184 651 266 702 Faces
280 649 402 702 ardentes
419 649 498 700 etiam
513 649 606 720 Hygia.
623 647 640 698 l.
653 665 675 698 c.
689 658 908 719 memorat‚qnas
919 645 945 696 in
961 645 1090 716 populum
1101 649 1228 718 mitteret,

186 738 212 779 et
219 727 294 779 ciues.
306 730 346 780 An
357 727 468 780 excidit:
478 737 503 778 et
510 728 577 778 cives
585 723 807 778 terreretilucobs
817 725 844 774 in
854 723 1050 782 Animadversa.
1059 745 1085 796 p.
1097 729 1148 780 203
1158 733 1228 800 conj.

188 805 335 868 incoelum,
349 820 375 858 et
392 809 501 858 nuncin
518 809 666 860 Commeat.
680 809 708 858 in
727 804 870 877 Antbolog.
881 805 940 856 Vol.
958 806 990 856 ll.
1001 806 1028 855 P.
1045 807 1076 856 ll.
1091 826 1116 877 p.
1130 809 1159 860 31
1170 825 1191 874 t,
1202 813 1228 862 in

184 884 294 958 polum:
309 887 343 938 sd
354 888 434 938 Tullii
446 887 551 938 Gemini
563 888 725 958 epigramma
735 887 763 937 in
775 883 908 937 Salmonei
918 885 1058 956 imaginem
1070 889 1168 956 pictam
1180 890 1231 941 lul-

187 967 258 1017 mine
270 985 432 1036 percussam.
446 967 575 1040 Agnoscis
588 967 724 1019 luxurians
741 979 880 1038 poetarum
895 979 996 1017 veteres
1015 964 1118 1018 fabulas
1135 987 1232 1022 ornan·

188 1045 254 1094 tium
265 1047 406 1118 ingenium.
421 1046 505 1099 Aliter
515 1058 629 1104 ornatur,
642 1045 734 1097 fabula
752 1043 824 1116 apud
840 1043 960 1096 Servium
970 1043 1003 1096 ad
1016 1044 1042 1095 h.
1056 1045 1073 1096 l.
1085 1045 1161 1100 Adde
1171 1049 1233 1101 Dio-

189 1121 246 1174 dor.
259 1127 285 1175 in
297 1125 356 1178 lire.
368 1127 436 1179 Virt.
450 1146 476 1198 p.
491 1128 550 1194 546.
569 1128 687 1178 Accessit
703 1123 810 1177 tandem
821 1136 847 1176 et
862 1122 942 1189 illud,
959 1126 1052 1178 urbem
1066 1126 1232 1180 Salmoneam

189 1203 223 1254 ab
249 1221 282 1255 eo
303 1203 453 1271 conditam,
481 1207 594 1258 fulmine
613 1205 788 1276 conflagrasse
806 1221 849 1274 ap.
870 1203 995 1274 Apollod.
1018 1202 1035 1254 l.
1061 1221 1100 1271 c.‚
1123 1219 1149 1256 et
1174 1221 1230 1259 not.

187 1301 214 1352 p.
238 1283 293 1350 146.
314 1285 439 1339 Notabile
456 1295 545 1338 tamen
563 1286 631 1350 boc,
650 1285 723 1356 quod
742 1284 869 1355 Virgilius
887 1284 980 1335 maluit
993 1283 1161 1336 Salmoneum
1180 1286 1235 1339 lau·

126 1421 129 1430 ,
190 1359 269 1426 dare,
291 1381 371 1433 quarn
394 1363 549 1431 Remulum,
567 1361 732 1416 Albanorum
750 1379 853 1433 regem,
869 1361 961 1413 similis
983 1363 1125 1432 impietatis
1148 1382 1232 1416 reum.

189 1457 214 1489 v.
227 1441 359 1494 VictorO.
374 1443 405 1494 G.
417 1443 446 1493 tt.
464 1443 508 1508 18,
519 1455 545 1495 et
557 1443 595 1494 ibi
612 1444 673 1494 Not.
686 1443 794 1513 Dionys.
807 1442 832 1504 l,
846 1455 887 1510 7¹.
899 1440 1005 1493 Scilicet
1015 1440 1178 1494 obscurioris
1187 1443 1231 1496 liic

189 1533 247 1572 erat
255 1525 384 1583 nominis;
398 1533 423 1574 et
433 1537 514 1593 poeta
523 1522 629 1574 fabulas
640 1522 733 1574 melius
746 1520 860 1574 landate
870 1519 960 1573 Graeca
971 1523 1142 1592 antiquitate,
1154 1539 1234 1594 quam

188 1617 219 1650 er
229 1601 360 1654 Romana:
375 1605 474 1674 quippe
486 1621 543 1675 quae
557 1595 607 1654 nee
618 1621 711 1674 parem
730 1603 931 1668 auctoritatem,
949 1621 998 1654 nec
1014 1603 1128 1675 gratiam
1138 1615 1184 1654 aut
1193 1623 1235 1657 ve·

190 1694 323 1732 nuttstom
333 1682 442 1736 babent.

228 1775 350 1830 Ceterum
362 1779 459 1832 divinis
471 1779 630 1846 honoribus,
641 1798 708 1851 quos
716 1780 921 1852 imperatoribus
931 1778 1058 1832 adulandi
1068 1781 1184 1835 studium
1195 1781 1242 1837 de.

193 1855 270 1923 tulit,
283 1859 432 1912 obtrectare
447 1859 488 1911 his
508 1860 628 1912 versibus
646 1873 754 1930 poetam
770 1861 825 1912 st'ne
837 1860 916 1912 dubio
928 1863 1147 1932 pronuntiat-los.
1161 1864 1240 1916 War-

194 1949 282 1988 tonns.
294 1937 427 1992 inlinitum
438 1953 517 2004 esset,
529 1943 550 1992 si
559 1939 656 1992 similes
666 1941 841 2012 interpretum
854 1943 970 2011 argutIas
982 1959 1138 1996 enumerare
1144 1943 1240 1996 vellem

195 2033 302 2078 omnes;
317 2019 406 2089 itaque
424 2022 625 2090 pretermittere
644 2019 801 2092 plerumque
815 2019 897 2072 soleo.
917 2019 984 2080 Sed,
999 2021 1022 2071 si
1034 2021 1114 2072 semel
1133 2023 1168 2074 sd
1184 2022 1240 2076 haee

195 2095 355 2150 descendero
372 2098 450 2164 velis,
465 2118 518 2151 non
536 2114 589 2151 tam
605 2099 676 2166 hoc,
691 2099 764 2170 quod
777 2101 919 2151 ablatonis
933 2111 1008 2152 aetate
1024 2099 1112 2151 adhuc
1125 2101 1239 2154 alienum

198 2188 270 2240 erat,
294 2194 373 2254 quarn
397 2181 486 2249 potius
513 2179 579 2230 illud
597 2179 760 2248 monendum
781 2191 838 2230 erut
864 2201 871 2229 s
894 2178 986 2230 velex
1009 2178 1062 2230 boe
1088 2179 1149 2231 loco
1176 2183 1240 2232 satis

196 2267 305 2327 patere,
331 2257 413 2310 divini
438 2257 547 2311 honoris
566 2259 722 2310 conferendi
740 2276 842 2310 morem
864 2255 931 2308 nihil
953 2275 1091 2311 commune
1114 2258 1241 2324 babuisse

198 2353 258 2386 curn
286 2339 457 2408 opinionibus
487 2339 519 2391 de
547 2338 639 2406 divina
665 2351 784 2404 natura,
815 2338 979 2407 deorumque
1006 2339 1138 2400 numine;
1168 2338 1240 2410 quod

164 2459 165 2464 ,
191 2413 278 2486 'vulgo
294 2429 398 2488 putant.
418 2419 508 2472 Civilis
529 2437 576 2471 seu
592 2415 701 2490 politica
723 2431 780 2470 erat
798 2419 948 2484 institutio,
966 2435 1047 2488 quum
1068 2421 1175 2471 summis
1194 2418 1242 2471 ali·

198 2511 276 2565 quem
300 2497 447 2552 bonoribus
474 2497 579 2552 afficere
606 2499 721 2562 vellent,
743 2496 963 2568 quandoquidem
988 2495 1032 2549 ille
1051 2515 1153 2549 summo
1172 2501 1241 2550 inter

199 2573 322 2627 mortales
345 2593 400 2630 erat
423 2579 497 2646 loco,
520 2577 641 2648 adeoque
660 2575 744 2640 nihil,
766 2575 839 2647 quod
861 2574 969 2646 quidem
986 2574 1132 2628 humanum
1157 2590 1241 2640 esset,

199 2651 263 2704 addi
281 2669 403 2724 poteret,
422 2659 473 2710 nisi
491 2670 519 2710 ut
540 2657 684 2721 bonorem,
702 2653 783 2706 modo
803 2655 837 2706 ab
860 2653 973 2706 heroum
995 2653 1102 2716 ordine,
1124 2654 1205 2707 modo
1227 2673 1243 2704 n

198 2729 310 2784 deorum
321 2734 380 2788 loco
393 2751 420 2789 et
436 2739 543 2788 nomine
556 2737 580 2788 ei
590 2747 727 2807 peterent;
741 2731 808 2785 nihil
823 2731 937 2804 amplius
950 2751 982 2784 es
998 2751 1026 2783 re
1040 2735 1186 2803 quesitum.
1204 2731 1243 2783 De

199 2807 277 2881 hujus
290 2816 370 2886 igitur
381 2816 508 2882 honoris,
521 2820 566 2888 qui
578 2816 656 2867 nobis
668 2813 736 2868 adeo
747 2813 863 2866 insolens
874 2813 1061 2876 videturesse,
1072 2817 1098 2864 vi
1107 2826 1133 2865 et
1143 2813 1245 2886 signill-

201 2905 276 2960 catu‚
296 2913 374 2945 nemo
386 2897 464 2948 facile
475 2895 612 2962 dubitare,
631 2909 676 2946 aut
690 2891 891 2965 philosophicas
902 2905 929 2944 et
942 2889 1105 2962 theologicas
1122 2895 1245 2945 notiones

200 2987 261 3019 eum
282 2989 313 3022 eo
335 2972 438 3026 bonore
458 2977 617 3046 conjungere
637 2975 731 3044 potuit.
754 2972 838 3024 lidem
862 2971 915 3036 illi,
933 2972 979 3042 qui
997 2969 1113 3022 horrores
1139 2971 1245 3023 divinos

202 3051 303 3120 magnis
314 3054 376 3103 viris
386 3053 427 3104 rel
442 3053 596 3123 potentibus
611 3053 783 3112 deferebant,
801 3063 965 3124 agnoverunt
980 3051 1142 3120 impietatem
1154 3053 1181 3102 in
1198 3069 1248 3128 eo,

204 3129 249 3196 qui
261 3127 321 3179 Iovi
331 3148 359 3182 se
370 3130 523 3182 assimulare
537 3129 630 3192 vellet,
643 3144 672 3182 ut
683 3133 710 3181 in
724 3129 775 3182 hac
788 3133 846 3201 ipsa
858 3129 892 3182 de
908 3129 1048 3182 Salmonea
1060 3128 1152 3182 fabula
1164 3143 1247 3202 patet.

204 3207 261 3257 lieo
272 3220 359 3261 tamen
374 3209 546 3262 inficiandum
563 3223 615 3274 est,
629 3211 723 3280 vulgus
743 3209 772 3260 id
790 3212 889 3282 passim
901 3207 1059 3272 credidisse,
1073 3222 1159 3261 ratum
1177 3212 1248 3262 viros

204 3303 314 3358 magnos
323 3289 442 3342 sublatos
450 3291 477 3340 in
485 3287 586 3353 caelum,
598 3285 632 3340 ad
642 3287 706 3339 deos
716 3288 820 3340 abiisse.
827 3291 866 3340 lta
876 3288 909 3341 de
915 3289 1017 3340 Caesare
1027 3287 1192 3340 Suetoniul.
1200 3289 1247 3340 88:

206 3365 234 3416 in
252 3367 357 3419 deorum
377 3385 515 3420 numerum
534 3365 628 3418 relatus
639 3377 675 3419 est
688 3387 740 3418 non
752 3367 869 3438 ore(vel
883 3366 999 3437 bonore)
1016 3368 1092 3418 modo
1108 3367 1248 3418 decernen-

207 3447 270 3498 tium
278 3486 287 3512 ,
299 3451 343 3501 sed
353 3459 379 3500 et
388 3449 551 3521 persuasione
564 3445 645 3520 vulqt'.
664 3447 740 3499 Adde
757 3446 790 3498 de
807 3447 919 3498 llomulo
936 3447 1093 3522 Dionysii,
1107 3445 1148 3500 56.
1166 3447 1249 3500 Alittt

209 3529 311 3579 censuit
320 3529 472 3602 Agesilaus,
486 3527 559 3601 apud
572 3526 704 3579 Plutarch.
719 3525 915 3598 Apophtbegm.
928 3525 991 3578 Lac.
1003 3545 1030 3598 p.
1046 3541 1095 3576 aro
1110 3525 1142 3576 D.

456 3777 820 3868 EXCURSUS
855 3777 999 3863 XIII.

484 3941 687 4008 Animarum
699 3947 836 4033 origines
849 3958 883 4007 et
885 3942 977 4028 [αεα.

245 4087 295 4151 Vl,
313 4081 539 4158 724—751AEie
553 4087 610 4156 jam
629 4088 767 4140 manifeste
783 4097 864 4159 poeta
875 4099 993 4138 veterum
1012 4081 1252 4156 philosophorum,

212 4169 332 4239 inprimis
350 4166 574 4240 Pythagoreorum
590 4179 616 4220 st
632 4167 828 4222 Platonicorum
841 4163 1013 4237 doctrinam(
1026 4163 1164 4218 indoctum
1180 4167 1250 4216 enim
