3028 4682
446 387 680 458 muninus
704 391 856 454 einen
879 392 965 455 ru.
1165 395 1224 458 ιιι
1271 360 1276 372 ’

189 517 288 583 ΜιιΙῑί
300 539 360 604 noe
371 517 501 606 populi,
515 516 626 580 multae
637 518 697 599 (ne
709 531 836 594 temne,
850 514 941 604 quod
954 515 1040 581 ultro

191 624 397 687 Praeferimue
409 621 560 687 menibus
573 623 670 686 vittas
681 644 719 687 ac
730 621 830 685 verba
842 621 1027 710 precantia)

190 730 232 793 Et
243 729 367 818 petiere
379 725 441 792 sibi
454 743 487 792 et
498 727 632 792 voluere
644 725 824 816 adjungere
837 743 960 815 genten

190 833 254 899 Sed
267 857 327 900 nos
340 835 404 899 iate
416 832 517 899 deum
529 849 652 900 vestras
665 832 836 920 exquirere
850 849 951 896 terres

190 942 340 1030 imperiis
354 965 449 1030 egere
461 942 537 1006 suin.
553 942 639 1005 Hinc
652 937 825 1004 Dardanus
838 955 930 1002 ortus

190 1049 266 1111 Huc
278 1049 409 1136 repetit,
419 1047 586 1136 jussisque
599 1044 787 1134 ingentibus
799 1061 918 1133 urguet
930 1043 1048 1132 Apollo

189 1153 399 1242 Tyrrhenum
410 1151 453 1217 ad
464 1151 641 1242 Thybrim,
655 1169 688 1216 et
700 1151 801 1215 fontis
813 1149 895 1214 vade
908 1172 998 1214 sacra
1008 1151 1150 1216 Numici.

189 1320 268 1365 Pierii.
275 1321 348 1382 fidem
358 1318 406 1366 duo
414 1321 552 1378 Burmann,
563 1333 586 1367 et
595 1335 667 1376 unua,
680 1322 704 1364 itt
714 1321 790 1364 nemis.
801 1343 832 1354 -
843 1315 895 1364 236.
907 1325 930 1364 ei
940 1315 1018 1362 multu
1026 1315 1131 1363 Parrbas.
1138 1343 1170 1353 —
1179 1315 1231 1379 237.

190 1391 328 1454 meerimus
337 1390 427 1454 aliquot
435 1393 495 1438 Pier.
506 1404 530 1438 et
539 1391 586 1438 duo
595 1392 684 1445 litim„
693 1389 735 1436 red
743 1389 851 1452 preferre
860 1399 894 1434 ert
905 1389 1025 1450 proprium
1035 1389 1060 1432 in
1070 1387 1114 1434 bae
1124 1404 1161 1434 re:
1169 1389 1231 1433 conl.

189 1461 278 1516 Burni„
288 1461 397 1517 rtvrrbu,
406 1461 486 1518 inulti5
496 1461 589 1508 tandem
598 1477 625 1508 oc
634 1459 701 1506 rerba
708 1461 823 1523 precantia
833 1457 976 1520 hauddubie
987 1474 1039 1504 vera
1049 1456 1119 1504 lectio
1128 1459 1233 1504 restituta

190 1544 242 1596 port
251 1533 403 1578 benedictum
413 1536 437 1579 in
446 1535 512 1579 lunt.
526 1533 595 1590 1510,
607 1535 648 1596 qui
659 1532 735 1578 bonos
746 1547 772 1578 ac
784 1541 886 1578 vetusto·
897 1527 966 1574 codd.
978 1527 1022 1574 boc
1032 1527 1117 1576 habere
1128 1531 1172 1584 ait,
1184 1541 1233 1574 tunt

190 1605 250 1650 Pier.
263 1603 292 1649 ab
304 1605 399 1652 Heinaio
412 1617 434 1651 rt
444 1604 552 1651 Mediceo
564 1603 662 1667 alliaque
669 1621 676 1660 ;
685 1605 831 1650 Burmannus
841 1603 909 1648 etiam
922 1599 964 1644 Ed.
978 1599 1029 1644 Ald.
1042 1613 1066 1645 et
1074 1599 1171 1646 Mediol.
1184 1615 1234 1646 nte-

190 1685 275 1729 morat;
289 1673 331 1722 ted
342 1689 422 1720 ornnes
433 1673 501 1720 Aldd.
517 1676 666 1721 consentiunt
680 1676 704 1718 in
716 1672 808 1736 vulgata
820 1689 825 1718 :
838 1679 860 1717 ei
873 1669 941 1716 verbu
950 1679 1089 1733 precantum.
1102 1671 1233 1717 Henetiam

189 1746 255 1790 Rom.
266 1745 367 1801 exhibet,
373 1748 485 1808 precanu's
495 1745 569 1808 Bigot.
579 1749 690 1809 vittasque
698 1747 813 1808 precantia
820 1741 888 1788 nerlu
896 1745 920 1788 in
929 1741 998 1788 litura
1007 1741 1086 1804 fragm.
1095 1743 1170 1788 Vatic-
1180 1757 1234 1786 curn

189 1817 240 1862 aliis
251 1818 311 1863 Pier.
323 1829 345 1864 ct
354 1818 433 1864 Heius.
445 1819 556 1881 vittasque
566 1819 682 1881 prenuntia
694 1832 761 1880 reqno
773 1817 832 1862 Ven.
847 1813 987 1860 manibusue
996 1813 1064 1860 uerbo
1074 1831 1098 1878 p.
1110 1817 1180 1859 virm
1192 1813 1234 1858 Ed.

189 1886 249 1932 Ven.
258 1911 289 1920 -
302 1885 354 1948 ²39·
369 1887 399 1930 Et
408 1902 447 1931 nos
456 1885 554 1934 Dorvill.
565 1912 597 1922 -
607 1885 659 1944 arlo.
674 1887 775 1948 Imperiis
786 1899 864 1948 cupere
875 1883 965 1946 aliquot
977 1885 1050 1939 Pleu,
1059 1883 1119 1930 sorte
1129 1898 1173 1946 pro
1182 1897 1235 1928 coe-

188 1971 248 2017 qere.
260 1978 292 1990 -
304 1952 357 2010 adr.
368 1953 488 2000 Salebrota
498 1957 572 2001 oratio
582 1971 635 2002 tneo
645 1955 740 2018 quidem
748 1954 853 2017 judicio:
866 1955 926 1999 Hinc
937 1955 1059 2000 Dardanus
1068 1961 1131 2000 ortus
1141 1953 1194 1997 Huc
1203 1965 1236 1997 tn·

188 2027 257 2086 petit,
263 2025 378 2086 jttssirque
387 2025 402 2067 i.
417 2048 449 2058 —
462 2025 566 2080 Nuntii,-
580 2025 609 2072 ad
623 2042 694 2089 qnam
706 2037 784 2070 tamen
798 2025 915 2070 neminem
930 2023 1057 2070 offendisse
1069 2023 1153 2078 video,
1162 2038 1192 2068 ne
1205 2019 1235 2068 ad

190 2095 405 2154 interpretationem
414 2095 526 2157 quidem:
539 2095 568 2141 de
578 2112 624 2158 qua
636 2097 718 2141 Norant
729 2095 791 2142 ride.
806 2096 858 2139 Huc
866 2097 914 2156 jam
927 2095 951 2139 in
962 2095 1059 2141 Venetia
1070 2093 1122 2138 Ald.
1136 2092 1235 2156 aliisque

190 2163 355 2211 vetustioribus
364 2179 497 2226 caprearum
506 2165 588 2222 videm
605 2178 628 2212 et
639 2168 672 2212 aie
680 2165 769 2213 Medic.
782 2165 864 2226 frassm.
877 2165 967 2220 vute,
979 2179 1023 2211 nec
1033 2165 1128 2210 aliunde
1138 2167 1236 2211 varietati
1249 2177 1252 2184 ·

191 2247 281 2290 noma,
293 2236 336 2280 uiti
347 2235 411 2297 quod
421 2237 486 2282 llont.
498 2237 566 2283 Hunc
576 2245 671 2300 repetet,
678 2239 795 2300 jussuque
802 2261 833 2273 ·-
846 2233 987 2296 Tyrrhenum
995 2243 1019 2282 et
1029 2235 1114 2295 Mra
1124 2234 1170 2297 ets
1182 2251 1203 2278 ν.
1215 2251 1234 2279 s.

191 2307 223 2350 N.
236 2305 337 2366 Menegii
347 2317 423 2350 autem
435 2321 472 2367 pr.
483 2307 551 2352 Hunc
563 2310 636 2370 repeti
637 2309 709 2370 justis
720 2309 765 2370 inq.
780 2305 863 2365 (theu
876 2319 921 2368 qne
934 2307 1003 2350 etiam
1015 2307 1040 2350 in
1052 2319 1098 2352 tce.
1112 2305 1197 2350 Moret.
1213 2317 1236 2350 et

192 2391 240 2422 rec.
252 2374 464 2433 anticoenium.
476 2377 577 2424 Vemlta
585 2379 621 2425 bia
628 2379 717 2424 dictum
724 2376 852 2424 euettiu'tte
866 2375 985 2423 Dardanus
993 2386 1064 2430 οῆιιι,
1074 2377 1134 2422 Hinc
1144 2379 1236 2439 repetit:

193 2459 219 2494 ut
228 2449 349 2493 ottusrita
361 2443 974 2512 nomine,pto,ortrmltimritincsinqnammrtumml
982 2447 1236 2511 yiromepetindncit.

190 2518 236 2562 Hic
243 2519 307 2564 Serv.
318 2519 377 2562 Dan.
388 2517 417 2564 ad
427 2520 466 2575 lv,
478 2519 531 2582 ²⁵9·
540 2521 587 2567 Sed
597 2523 622 2567 in
631 2520 667 2566 bit
677 2519 772 2568 tocibna
782 2517 845 2575 irinc,
856 2517 929 2574 hunc,
941 2518 988 2574 lte,
998 2533 1070 2574 num,
1080 2517 1136 2572 luc,
1145 2533 1237 2579 temper

190 2604 271 2652 magua
281 2603 330 2634 ctae
339 2587 398 2636 tolet
407 2591 505 2638 varinus
516 2607 544 2639 ex
555 2592 672 2640 scribendi
682 2591 836 2654 compendio;
846 2603 872 2636 ιιι
881 2591 941 2638 lorte
952 2592 1063 2654 conjiciat
1073 2589 1144 2636 inim
1153 2605 1158 2634 ι
1168 2590 1237 2634 Nunc

188 2663 280 2721 repetit,
286 2661 401 2724 jussuque
409 2659 722 2727 r'npeuu'lrusurquetApollo,
735 2659 876 2721 Tyrrhenum
888 2657 994 2720 Thybrim
1002 2667 1025 2705 et
1025 2658 1165 2723 fondsuuda
1171 2673 1237 2703 ructo

189 2731 288 2776 Numici.
298 2731 329 2775 Ut
337 2732 383 2776 ait:
395 2745 458 2778 nunc
468 2731 553 2795 Apollo
566 2735 664 2797 repetit,
678 2732 702 2778 b.
716 2749 737 2780 e.
747 2730 854 2796 repetere
864 2731 945 2794 jubet,
956 2732 1077 2796 Thybrim.
1090 2731 1144 2777 Haec
1155 2729 1237 2776 saltetu

188 2802 269 2846 Latine
279 2800 340 2847 dicta
350 2815 433 2848 rorent.
447 2805 478 2849 Ut
489 2817 566 2851 tamen
579 2821 606 2851 ex
618 2806 696 2851 animo
708 2804 796 2860 dicam,
808 2819 889 2851 omnen
901 2817 948 2851 tret
959 2819 1038 2850 versut
1050 2803 1130 2849 iudea
1144 2801 1234 2850 verbis:
1317 2859 1318 2862 Ἴ

188 2871 248 2916 Hinc
260 2871 382 2918 Dardanus
391 2881 454 2919 ortus
463 2873 515 2920 Huc
526 2891 548 2920 u.
564 2875 751 2938 Tyrrhenumque
761 2874 832 2922 alieni
845 2889 894 2921 erre
904 2873 1027 2929 ridentur,
1040 2885 1080 2920 aut
1092 2887 1120 2918 ex
1132 2873 1236 2933 margine

189 2943 263 2988 aerina
272 2945 363 2998 attenti,
373 2943 404 2988 ad
413 2943 556 3006 explendum
565 2945 737 2993 bemitticltium
747 2947 848 3008 imperiis
855 2961 919 3010 rqrre
925 2948 972 2992 tur's
978 2963 986 3000 ς
996 2957 1038 2990 ant
1047 2959 1075 2990 ex
1083 2945 1153 2989 varii·
1161 2956 1238 3005 poene

187 3012 366 3068 tentaminibtu,
379 3029 431 3076 qua
441 3014 527 3063 rhaetia
534 3017 576 3064 ille
588 3017 708 3074 illeverat,
718 3019 815 3065 a'l'acea
826 3019 936 3065 coniecti.
946 3041 978 3056 -·
986 3017 1038 3074 adt.
1052 3017 1133 3061 Timici
1140 3027 1164 3060 et
1175 3013 1236 3073 Tity-

190 3159 222 3192 ac
240 3159 320 3194 manu
340 3161 406 3214 opus
427 3159 474 3198 est.
488 3177 523 3188 -
536 3149 595 3218 ²37·
618 3151 688 3200 Lau·
735 3145 876 3202 Dardanus
893 3152 1071 3202 rtuncAEneas
1083 3149 1125 3199 sit.
1138 3145 1235 3200 Saltem

189 3216 255 3270 dant
267 3237 357 3273 omnen
375 3236 469 3274 notum
480 3225 547 3278 illud
564 3245 595 3278 ex
611 3226 687 3278 llied.
736 3227 834 3298 Apollo
853 3230 875 3280 is
894 3247 951 3280 esee
968 3227 1061 3292 debet,
1081 3229 1127 3298 qui
1144 3227 1239 3298 repetit

190 3317 221 3361 a,
236 3299 268 3364 14
279 3296 398 3365 Στίμμιιτ’
414 3299 474 3366 ἔχων
488 3303 510 3356 it
521 3305 595 3372 χιρσί.
609 3307 647 3356 De
660 3324 688 3358 re
737 3306 868 3376 Trojanos
881 3307 950 3371 ltuc,
965 3310 991 3358 in
1008 3305 1078 3358 hane
1088 3320 1185 3360 terram
1197 3325 1236 3358 re-

191 3379 226 3429 ef.
247 3396 305 3450 sup.
325 3399 349 3432 v.
378 3379 434 3448 154.
448 3411 483 3420 —
495 3384 555 3449 ado.
578 3383 689 3454 imperio
738 3385 832 3451 trahit,
852 3399 975 3452 revocet,
995 3386 1098 3459 ltaliam
1115 3399 1238 3457 repetere

190 3457 297 3508 deorum
313 3472 374 3510 sunt
390 3463 506 3526 monita,
520 3475 549 3513 ut
558 3464 613 3532 jam
626 3461 690 3514 alibi
735 3465 826 3534 jubet,
849 3479 876 3518 et
895 3479 971 3537 urget
996 3467 1030 3518 ad
1054 3465 1186 3531 Tiberim,
1207 3464 1235 3516 h.

189 3535 315 3600 vidimus,
329 3553 355 3592 et
363 3558 424 3592 mox
428 3543 511 3613 juna.
522 3542 584 3596 Huc
594 3543 688 3613 repetii
735 3545 861 3610 retrahit,
874 3545 948 3598 adire
957 3546 1049 3616 jubet;
1063 3546 1184 3618 adeoque
1194 3547 1241 3600 in·

189 3615 224 3668 ud
234 3616 388 3671 Dardanum
399 3622 517 3674 referunt
526 3623 614 3695 lntpp.
626 3637 687 3694 post
736 3625 974 3698 terpungcndtttn:
1001 3627 1073 3677 Hinc
1098 3627 1237 3678 Dardanus

188 3697 362 3750 Turnebum:
384 3701 410 3752 in
428 3698 499 3754 hanc
511 3720 560 3756 nos
575 3715 686 3770 terram,
736 3716 819 3765 ortus,·
834 3705 896 3758 Huc
917 3705 1009 3776 repetit
1019 3704 1150 3776 justisque
1163 3705 1180 3755 i.
1193 3723 1237 3756 ur-

188 3777 261 3830 unde
274 3781 324 3829 orti
335 3797 440 3846 eumue,
453 3785 562 3852 repetit,
578 3796 687 3836 revocat
733 3796 798 3859 poet
809 3785 841 3836 A.
854 3783 907 3838 sed
916 3797 942 3836 et
951 3783 1004 3836 hnc
1014 3781 1126 3836 durum:
1139 3782 1236 3855 Apollo

188 3857 330 3910 Dardanus
340 3872 365 3912 et
376 3861 588 3931 quasivindieat3
599 3881 685 3934 neque
736 3863 888 3936 repetitbuc
896 3874 962 3916 -et
972 3863 1089 3935 urqetad
1098 3862 1236 3933 Thybrim.

189 3937 266 3992 aliter
281 3939 410 3992 Donatus.
423 3941 505 4011 Atqui
520 3939 572 3994 hoc
590 3941 685 3996 durum
734 3943 851 3996 Laborat
872 3943 948 3998 locus
968 3965 975 3996 ι
995 3943 1049 3996 vid.
1078 3945 1140 3996 Var.
1162 3945 1236 3997 Lect.

188 4031 242 4085 est,
263 4021 285 4072 ti
306 4019 370 4090 quid
392 4020 484 4086 video,
504 4017 529 4074 et
547 4023 683 4094 ignavum
734 4025 893 4076 Numicium
908 4045 924 4078 a
940 4025 1015 4078 fonte
1028 4025 1123 4078 iterum
1137 4021 1180 4093 (r.
1201 4025 1236 4076 ad

188 4098 273 4154 multo
299 4097 414 4154 deterior
439 4097 522 4154 Servii
546 4103 627 4168 ratio,
654 4114 684 4154 nt
738 4103 956 4180 immulgeat,
973 4118 1002 4160 ut
1018 4117 1235 4176 poeta‚etqtto-
