3022 4682
293 339 354 416 246
537 337 571 400 Ρ.
595 333 826 398 VIRGlLIl
851 332 1086 399 Muttonis

292 463 442 548 Occupat
455 461 571 524 AEneas
582 456 709 523 aditum
718 455 860 521 custode
873 457 1018 544 sepulto,

292 566 477 654 Evaditque
489 564 578 628 celer
590 565 695 652 ripam
707 562 929 629 inremeabilis
942 563 1050 628 undae.

337 671 503 735 Continuo
516 666 637 733 auditae
649 689 762 746 voces,
776 668 903 755 vagitus
916 669 1090 755 mingens,

289 777 525 864 infantumque
537 774 654 838 animae
667 772 800 852 flentes,
814 775 848 837 in
861 774 975 837 limine
987 774 1110 861 primo;

289 883 382 964 Quos
395 881 499 958 dulcis
511 881 589 944 vitae
601 880 755 957 exsortis,
770 896 803 942 et
814 878 856 942 ab
869 879 971 943 ubere
984 894 1109 966 raptos,

289 987 433 1053 Abstulit
443 1001 512 1050 atra
525 982 608 1064 dies,
626 1000 659 1048 et
672 984 793 1048 funere
806 985 920 1048 mersit
931 983 1061 1048 acerbo.

288 1095 359 1158 Hos
367 1092 460 1183 juxta
472 1090 554 1154 falso
567 1088 713 1153 damnati
726 1091 872 1154 crimine
884 1090 1010 1154 mortis.
1294 1101 1341 1159 430

288 1201 358 1264 Nec
370 1220 449 1262 vero
461 1195 513 1260 hae
525 1195 595 1258 sine
608 1211 699 1259 sorte
715 1193 814 1275 datae,
828 1196 899 1260 sine
908 1193 1037 1284 judice,
1051 1190 1156 1258 sedes.

289 1359 362 1397 secte.
374 1348 449 1410 Auget
458 1348 534 1409 iugens
544 1343 644 1390 mirifice
656 1347 760 1406 speciem
769 1345 943 1407 magnitudinis.
951 1371 982 1380 -·
989 1343 1042 1402 424.
1049 1361 1069 1390 e.
1080 1351 1163 1390 remoto
1172 1344 1246 1406 bigot.
1258 1355 1281 1388 et
1290 1341 1341 1388 liu-

291 1435 346 1484 gen.
358 1435 402 1482 pro
411 1433 459 1464 var.
468 1415 523 1462 lect.
533 1419 589 1477 Sup.
599 1417 632 1472 ll,
644 1415 687 1461 265
698 1415 777 1462 urbem
787 1431 865 1462 somno
874 1418 968 1478 uinoque
977 1415 1095 1478 sepultum.
1103 1415 1194 1477 -427,
1207 1411 1342 1459 Wakefield

293 1491 432 1552 distinguit:
445 1488 606 1551 lrsfuntumque
614 1488 694 1532 ummo
701 1489 798 1548 flentes,
811 1489 834 1532 in
847 1485 921 1532 birine
932 1490 1005 1549 ptimo
1018 1487 1079 1545 Quos
1089 1485 1161 1532 dulcis
1172 1489 1235 1540 uite,
1247 1485 1342 1530 exsertis

292 1568 316 1607 et
322 1559 351 1604 ob
361 1559 427 1604 ubere
438 1566 526 1620 raptos,
541 1556 641 1602 Abstulit
653 1566 704 1604 otro
717 1558 772 1604 dies.
786 1555 861 1602 Valde
876 1557 963 1604 arridet
976 1558 1091 1618 ingeniosi
1106 1557 1149 1602 viri
1164 1570 1278 1602 acumen:
1295 1549 1340 1598 nisi

295 1629 361 1692 quod
372 1644 425 1674 mox
436 1637 535 1674 exsortes
544 1630 644 1673 otiosum
654 1643 702 1674 esse
714 1629 798 1674 sentio.
808 1652 840 1662 —
851 1627 904 1684 428.
917 1636 982 1689 rupto
990 1626 1080 1690 aliquot
1090 1627 1150 1671 Pier.
1162 1623 1190 1668 ab
1200 1623 1266 1670 uitem
1276 1631 1341 1668 news

297 1696 440 1744 venitin.
453 1713 488 1758 pr.
501 1698 526 1741 in
538 1712 610 1757 marg.
623 1705 698 1759 ruptos
708 1696 736 1740 ab
749 1713 771 1740 u.
782 1699 855 1758 ptimo
866 1697 974 1742 llottcnd.
987 1711 1034 1742 sec.
1050 1713 1077 1742 ex
1091 1711 1142 1757 sup.
1157 1709 1233 1740 versu.
1244 1718 1276 1728 —
1288 1692 1341 1752 429.

299 1783 346 1814 usto
358 1767 404 1812 dies
414 1765 504 1828 aliquot
514 1767 574 1812 Pier.
586 1791 618 1800 —-
628 1765 682 1822 430.
689 1765 760 1829 falsie
771 1765 830 1812 alter
842 1767 924 1812 llamb.
930 1766 996 1830 falso
1008 1767 1031 1811 d.
1045 1775 1141 1830 tempore
1152 1781 1182 1808 m.
1195 1766 1257 1826 conj.
1269 1764 1344 1808 War-

300 1836 417 1884 bnrtonus
426 1837 521 1894 (Divino
530 1837 605 1900 ἱεραί.
615 1835 645 1899 of
653 1839 729 1883 Moses
739 1837 766 1882 T.
780 1838 803 1894 l,
815 1838 841 1882 B.
855 1853 881 1893 2,
892 1839 915 1883 S.
928 1837 970 1896 4),
982 1853 1064 1900 parum
1076 1835 1183 1882 feliciter.
1193 1861 1223 1870 -
1232 1833 1285 1890 432.
1295 1835 1344 1880 stite

290 1969 334 2023 Sic
345 1987 403 2040 sup.
414 1969 463 2032 ΙΙΙ,
475 1968 524 2021 631
536 1969 674 2040 jacuitque
685 1987 735 2040 per
744 1989 791 2021 an·
840 1971 972 2022 burtonus
983 1971 1067 2022 multa
1079 1971 1143 2022 satis
1160 1979 1252 2041 argute
1261 1982 1342 2036 snper

275 2059 362 2122 ‘mm
385 2050 544 2112 immensus,
565 2047 598 2100 de
619 2048 791 2120 Polyphemo.
841 2054 941 2104 caussis
969 2052 1065 2103 harum
1091 2049 1195 2104 sedium
1220 2050 1344 2101 datarum

289 2126 411 2180 Tandem
424 2125 475 2193 425
490 2125 680 2180 irremeabilem
692 2127 792 2180 undam
841 2133 1058 2183 comminiscitur.
1076 2129 1145 2182 Add.
1169 2131 1264 2181 dot-tin.
1278 2126 1346 2198 (Sist

292 2226 325 2262 eo
339 2207 458 2260 referunt
467 2207 641 2276 interpretes,
655 2204 728 2277 quod
738 2224 794 2258 non
843 2211 908 2262 Dies.
923 2229 995 2282 upon
1009 2209 1138 2280 different
1152 2209 1266 2280 Suhjects
1281 2225 1343 2278 pag.

292 2286 387 2340 eadem
398 2287 442 2338 ria
454 2298 511 2338 erat
527 2285 661 2338 rediturus
677 2285 792 2337 AEneus:
844 2291 903 2360 269.
920 2292 1005 2362 272.)
1026 2289 1092 2354 Sed,
1115 2301 1145 2340 ut
1164 2289 1232 2352 dixi,
1258 2290 1280 2339 si
1298 2304 1345 2340 eos

291 2371 328 2420 ef.
346 2367 393 2418 inf.
412 2367 471 2435 899.
496 2365 622 2437 Argutius
642 2364 695 2417 hoe
714 2383 795 2435 quam
843 2368 1018 2434 haberemus,
1031 2385 1098 2439 qnos
1108 2381 1189 2438 poeta
1199 2371 1225 2419 in
1237 2368 1263 2419 h.
1277 2368 1295 2419 l.
1306 2383 1347 2419 se·

293 2463 418 2506 necesse.¹
429 2447 559 2498 Naturam
574 2445 659 2517 Stygis
679 2463 795 2498 commu·
845 2461 941 2518 quotus
959 2460 1012 2515 est,
1030 2449 1123 2501 melius
1136 2448 1213 2500 nobis
1235 2445 1268 2498 de
1288 2459 1346 2502 toto

293 2543 356 2580 nem
367 2526 491 2595 exprimit
500 2524 646 2595 epitheton.
843 2526 897 2579 hoe
908 2527 1139 2600 philosophemate
1150 2539 1293 2579 constaret.
1305 2527 1345 2579 Do

329 2604 382 2669 426
393 2621 452 2673 sqq.
469 2604 536 2653 Hinc
550 2603 584 2654 ad
598 2603 649 2668 540
661 2603 695 2654 de
707 2605 795 2673 prima
843 2607 990 2659 infantibus
1000 2606 1179 2659 nonnullauis
1188 2603 1346 2672 ἱξιιμνὶμις

293 2681 571 2734 locoruminferorum
581 2683 688 2752 regione
698 2683 794 2752 agitur,
845 2688 873 2737 in
884 2686 974 2758 mytho
992 2705 1040 2739 suo
1052 2689 1253 2759 pretermittere
1265 2705 1293 2738 se
1307 2685 1348 2738 di-

296 2759 330 2818 de
343 2777 396 2830 qua
409 2779 434 2810 v.
453 2759 562 2810 Excurs.
575 2761 645 2810 vill,
654 2788 688 2798 —
698 2761 749 2825 426
761 2789 796 2799 -
846 2767 882 2817 eit
899 2766 974 2818 Plato
991 2766 1026 2819 de
1036 2759 1103 2838 Rep.
1119 2767 1155 2818 xl
1167 2767 1217 2820 sub
1229 2766 1273 2818 fin.
1287 2767 1347 2818 Hoc

295 2840 348 2917 429
360 2855 486 2890 versuum
497 2858 594 2910 magna
606 2839 721 2891 dulcedo
734 2852 782 2892 est.
847 2846 963 2916 graviter
973 2846 1126 2914 subjicitur,
1133 2844 1236 2914 iudicia
1249 2845 1348 2897 horum

333 2917 386 2983 430
397 2946 431 2955 -
443 2917 503 2977 433-
515 2917 587 2984 Quid
600 2919 627 2968 in
639 2917 747 2970 sedibus
755 2918 798 2970 his
847 2925 993 2976 insontium
1010 2926 1196 2977 damnatorum
1209 2925 1349 2977 retractari

297 2994 464 3070 assignandis
490 3009 618 3067 sequutus
641 2998 675 3048 sit
697 3010 798 3067 poeta,
848 3021 865 3054 a
877 3004 977 3055 Minoe.
994 3003 1021 3054 si
1039 3004 1121 3055 modo
1132 3021 1224 3056 versus
1233 3003 1271 3055 illi
1285 3003 1346 3069 432.

297 3094 353 3130 non
365 3076 457 3146 liquet.
471 3075 598 3146 Suspicor
610 3089 698 3128 tamen
716 3077 799 3131 fuisse
848 3081 909 3147 432.
930 3082 995 3148 433,
1016 3101 1112 3153 parum
1129 3081 1269 3133 commodo
1286 3079 1348 3133 loeo

297 3155 493 3229 Pythagoreum
510 3155 626 3225 aliquem
644 3168 799 3222 auctorem,
848 3163 1014 3232 interpositi,
1024 3161 1059 3213 ud
1066 3163 1184 3232 proxime
1195 3163 1349 3233 appositum

300 3239 360 3309 qui,
387 3254 444 3306 que
464 3235 509 3287 alii
532 3238 683 3288 summatim
706 3235 801 3290 extule-
848 3258 953 3292 versum
963 3241 1018 3292 Hos
1023 3242 1100 3311 juxta
1111 3239 1265 3292 retrahendi
1277 3253 1349 3291 sunt.-

299 3329 377 3382 rant,
396 3313 518 3367 subtilius
535 3328 712 3387 persequutus
734 3330 800 3369 erat.
849 3320 981 3372 Videntur
1002 3322 1086 3383 enim,
1107 3337 1158 3390 per
1176 3318 1349 3390 parenthesin

211 3421 212 3424 ¹
300 3397 330 3448 tsi
357 3393 536 3466 Empedoclea
559 3409 742 3466 superessent,
767 3397 802 3450 de
850 3400 939 3470 potius
964 3400 1111 3468 interjecti,
1135 3396 1170 3448 ed
1192 3409 1277 3450 totum
1296 3397 1350 3450 hoe

298 3473 390 3550 multis
407 3474 537 3544 judicium
556 3475 703 3546 expeditius
721 3478 800 3528 foret.
850 3495 947 3550 genus,
969 3474 1100 3528 etiamad
1119 3493 1195 3546 sqq,
1216 3489 1347 3548 spectare.

298 3555 359 3606 Hoti
370 3570 451 3606 unum
463 3553 532 3606 inter
542 3554 656 3625 infantes
667 3569 693 3608 et
711 3556 802 3628 iniquo
850 3557 907 3608 Nec
919 3571 978 3605 uero
995 3553 1035 3604 hoe
1046 3553 1102 3605 sine
1113 3565 1178 3608 sorte
1196 3554 1278 3621 datie,
1292 3555 1349 3608 sine

298 3633 400 3706 judicio
422 3645 468 3684 aut
485 3652 531 3686 sua
553 3652 635 3686 manu
657 3635 803 3688 interemtos
846 3633 951 3705 judice,
962 3632 1046 3684 sedes:
1056 3631 1083 3683 h.
1094 3653 1117 3685 e.
1131 3652 1185 3686 non
1195 3633 1350 3704 sinejudr'ee

303 3729 445 3770 commune
479 3713 643 3765 intercedere
678 3714 801 3779 videtur,
851 3713 944 3764 sortito
964 3709 1042 3772 dato;
1059 3711 1107 3764 sed
1121 3713 1241 3784 judicum
1254 3715 1349 3765 sortito

303 3785 377 3858 quod
396 3801 508 3840 mortem
530 3791 638 3842 fatalem
658 3803 803 3844 anteverte·
851 3788 976 3842 daturum
988 3794 1133 3844 sententiis.
1146 3793 1351 3863 Esequentibus

302 3877 378 3930 suut,
389 3878 415 3916 et
426 3864 565 3918 immaturo
575 3879 656 3921 morte
666 3871 801 3932 obierunt;
851 3869 921 3920 enim
934 3885 1063 3942 apparet,
1074 3883 1168 3924 sortem
1179 3871 1278 3924 nonde
1290 3873 1350 3942 ipsa

303 3943 425 4013 adeoque
438 3945 564 3998 interiora
579 3967 686 4019 quoque
703 3951 802 4002 infero·
850 3953 982 4002 sententia
993 3953 1079 4022 accipi
1091 3969 1180 4022 possm
1203 3951 1349 4021 Quotiens,

301 4041 363 4076 rum
382 4022 486 4094 ingredi
510 4024 695 4096 prohibentur.
722 4032 801 4090 War-
850 4031 986 4112 ssujudex
999 4035 1168 4104 questionis,
1181 4033 1351 4088 ursonem
