3022 4682
423 411 659 478 caninos
683 411 836 475 clean
859 411 921 476 vr.
1135 438 1193 502 ¹77

152 537 288 602 Poscere
301 557 419 625 equos,
434 534 549 600 eedem
562 537 711 624 sequitur
723 536 839 599 tellure
852 552 1010 622 repostos.
1148 541 1193 590 ⁶55

152 641 321 728 Conspicit
334 664 410 705 ecce
423 641 505 707 alios
518 641 630 706 dextra
645 643 790 730 laevaque
803 663 863 728 per
874 641 1011 708 herbam

152 749 338 826 VescentiS,
352 749 531 838 laetumque
544 749 647 815 choro
660 752 774 814 Pteena
787 749 948 828 canentis,

154 855 244 916 inter
256 852 430 917 odoratum
443 855 526 918 lauri
541 877 673 932 nemus,
687 853 776 917 unde
789 875 932 942 superne

153 958 317 1022 Plurimus
332 959 464 1025 Eridani
477 983 538 1049 pet·
553 961 667 1025 silvam
681 960 825 1024 volvitur
836 959 950 1023 amnis.

154 1145 232 1191 obvio.
242 1149 327 1192 ruentis
334 1145 404 1191 Goth.
414 1157 466 1192 tert.
474 1182 480 1203 ‚
488 1160 584 1194 temere.
591 1171 623 1182 -·
630 1145 683 1194 ⁶56.
695 1147 719 1190 C.
732 1156 785 1192 ante
795 1145 851 1192 altos
862 1146 923 1191 Gud.
934 1161 977 1208 pro
984 1144 1031 1191 div.
1038 1145 1091 1191 lect.
1100 1161 1141 1209 per
1148 1145 1198 1193 her-

154 1215 204 1260 tam
213 1216 273 1261 Gud.
284 1229 307 1261 et
317 1215 468 1262 Montalb.-
476 1218 529 1280 657.
544 1219 566 1260 V
566 1227 672 1272 escentes,
682 1216 810 1279 epulantes.
819 1219 889 1263 Unum
900 1219 964 1262 vocis
973 1230 1021 1262 non
1028 1231 1055 1262 ex
1063 1216 1131 1277 plebe
1142 1234 1199 1274 eoae,

153 1287 244 1332 videbi·
254 1287 295 1330 inl.
308 1287 371 1340 vlu,
386 1287 434 1334 182.
446 1289 467 1332 3.
477 1289 517 1334 ubi
528 1288 556 1334 de
564 1303 637 1334 sacro.
653 1287 782 1334 Wakefield
794 1289 899 1343 reposuit
912 1290 997 1348 econj.
1009 1289 1122 1332 Vertcntis
1134 1303 1199 1350 puto,

154 1371 198 1418 pro
209 1355 325 1402 uitantes.
338 1359 457 1404 Vixerunt
468 1358 549 1413 multi,
561 1361 602 1422 qui
615 1359 727 1421 probent,
736 1373 783 1404 non
794 1361 865 1422 magis
875 1373 944 1420 quain
954 1366 1080 1412 versantes,
1092 1359 1199 1420 pedestre

154 1442 205 1472 voc.
215 1425 294 1473 choma
302 1432 363 1491 conj.
377 1431 455 1476 lleint.
465 1465 471 1484 ‚
481 1431 522 1478 aed
532 1429 600 1477 choro
608 1429 713 1476 absolute
723 1431 871 1492 dictampno,
883 1433 906 1474 in
914 1428 998 1480 thoro.
1008 1429 1105 1474 chorum
1116 1429 1202 1476 ducen-

156 1497 196 1544 do.
208 1497 276 1544 choro
283 1505 392 1561 pauentis
404 1503 485 1564 fragm.
496 1503 570 1548 Vatic.
582 1519 594 1548 a
607 1519 637 1548 m.
648 1518 684 1564 pr.
698 1501 803 1548 Macron.
812 1503 856 1558 tlt,
866 1517 878 1548 2
890 1517 1008 1564 «poeenem
1016 1509 1133 1557 canentes,
1141 1504 1202 1550 anti·

157 1581 205 1628 quo
216 1569 330 1615 vocabulo
342 1569 469 1618 vitulcntes.
477 1593 487 1612 ι

156 1727 276 1800 etleoque
287 1751 374 1798 amor,
388 1735 652 1789 eetmilitiaeeurulis.
703 1755 762 1790 rum
779 1757 850 1790 mare
869 1737 969 1802 tendit,
982 1751 1043 1803 eut,
1055 1733 1128 1806 quod
1146 1751 1202 1786 non

155 1807 197 1858 Ad
216 1810 351 1864 meliorem
369 1817 452 1866 nostri
473 1817 520 1867 tevi
539 1815 655 1886 philoso·
703 1815 782 1888 louge
804 1835 820 1868 a
839 1815 956 1868 fontibus
975 1817 1029 1868 auis
1050 1813 1203 1866 cuniculum

156 1887 247 1956 pluam
260 1889 339 1962 Elysii
348 1893 498 1964 voluptates
509 1912 656 1948 accommo·
704 1896 796 1948 eubter
804 1909 900 1946 terram
910 1894 1017 1966 perduc
1025 1892 1107 1944 millia
1117 1893 1202 1954 subit;

156 1965 222 2019 datae
235 1983 295 2020 sunt
312 1973 338 2022 in
352 1972 512 2025 Telemacho
526 1974 571 2026 lili.
585 1974 654 2024 xix.
705 1987 812 2046 poetam
823 1973 955 2026 adducere
965 1975 1007 2024 vix
1018 1975 1118 2043 potuit,
1130 1987 1157 2023 ut
1169 1970 1205 2023 ad

155 2045 251 2116 procul
277 2049 404 2114 miratur,
434 2070 483 2122 pro
507 2054 655 2122 conspicite
705 2054 806 2104 inferos
825 2070 885 2102 eum
906 2052 1042 2122 relegaret.
1063 2049 1114 2102 Sed
1131 2052 1205 2102 eatis

156 2124 252 2175 θιοῐται
265 2127 442 2180 Homericum.
453 2147 544 2180 cumr
556 2130 657 2193 inanes,
706 2131 845 2183 fabulosus
854 2132 1096 2200 antiquissimorum
1105 2128 1206 2200 mydto·

159 2203 270 2272 simplic.
297 2207 422 2274 quoniam
450 2206 557 2259 adstant
580 2210 657 2259 vacui
707 2229 764 2261 rum
773 2206 1004 2278 omnis,quemed
1013 2205 1205 2277 geographicas

159 2281 281 2334 dominis.
292 2287 340 2337 Vix
349 2287 417 2337 enim
426 2289 513 2357 potuit
521 2287 658 2339 declarare
707 2290 823 2339 rationes
836 2299 921 2338 certas
937 2304 1061 2336 revocare
1082 2303 1135 2336 non
1153 2303 1208 2336 ma·

158 2360 291 2414 levitatem
309 2364 476 2429 umbrarum,
490 2384 547 2436 qua
569 2369 599 2418 iis
618 2368 659 2417 in·
707 2371 746 2440 gia
759 2368 834 2430 licet,
855 2385 933 2437 quant
947 2365 1146 2437 Hyperboreos,
1160 2376 1207 2415 aut

159 2445 262 2494 sistunt.
274 2445 361 2516 qratia
376 2463 447 2496 nunc
456 2459 495 2498 est
505 2446 657 2512 delectatio,
707 2448 798 2512 ludos,
808 2459 852 2498 aut
863 2447 960 2517 Nysam
970 2466 976 2507 ς
986 2445 1070 2496 multo
1080 2446 1166 2496 minus
1175 2461 1206 2494 ex

159 2521 297 2592 voluptas,
308 2537 333 2575 et
344 2527 453 2596 proprio
464 2545 522 2576 voc.
531 2525 656 2578 studium.
707 2531 844 2581 nominum
863 2527 1049 2592 similitudine,
1066 2525 1207 2592 Rhodani,

160 2598 252 2654 tellure
265 2615 388 2674 repostos,
405 2618 435 2656 ut
447 2605 526 2670 alibi,
539 2607 657 2672 conditi,
708 2609 809 2672 Rheni,
822 2626 854 2659 ac
866 2607 1013 2674 similibus,
1030 2608 1085 2658 veri
1105 2601 1208 2676 aliquid

161 2683 265 2733 mortui.
708 2691 762 2761 peti
782 2701 878 2759 potest.
894 2687 1026 2738 Eridanus
1039 2704 1166 2757 superne,
1179 2683 1206 2734 h.

195 2762 359 2834 656-659.
380 2765 436 2816 lloc
457 2785 518 2818 curn
539 2765 658 2818 Axiocho
708 2789 731 2822 e.
745 2787 776 2822 ex
788 2767 900 2820 editiore
921 2765 994 2830 loeo,
1017 2764 1144 2829 volvitur,
1163 2782 1209 2814 ve-

160 2839 178 2891 l.
185 2860 208 2892 c.
217 2842 436 2912 comparandum.
447 2845 589 2906 Vescentis,
601 2848 660 2915 quit
708 2851 747 2900 nit
754 2887 761 2905 ,
768 2845 914 2919 plurimus,¹
923 2844 1023 2896 dictum
1031 2845 1165 2916 eleganter
1174 2843 1209 2894 ad

161 2919 213 2972 hoc
232 2934 306 2992 putet
322 2925 385 2973 sotis
408 2922 486 2994 digne
509 2923 561 2976 dici
583 2943 660 2996 posse
710 2947 830 3000 magnam
850 2944 979 2997 aquai-m
1002 2928 1105 2996 copiam
1122 2923 1209 2994 denig-

162 3017 226 3068 pro,
249 3001 340 3070 epulae
366 3001 548 3054 celebrantes?
580 3003 662 3056 iidem
710 3007 1210 3076 nondam.uthe.187quumsenux

163 3077 661 3146 irldnntessaniore,omnino,carmen‚
709 3089 827 3161 plurima
843 3085 914 3140 silvis
939 3087 1036 3137 Induet
1058 3085 1085 3135 in
1099 3085 1210 3160 florem.

162 3171 192 3210 ut
205 3157 280 3210 iliad·
292 3175 323 3224 χ,
337 3161 385 3228 39¹
397 3160 506 3226 Achivi,
518 3175 544 3212 et
555 3161 662 3231 quidem
711 3169 753 3219 sic
773 3167 856 3222 nonni:
880 3185 929 3237 pro
948 3161 1025 3230 μᾶμς
1045 3163 1169 3234 Apollon.
1183 3163 1211 3228 1,

164 3239 191 3290 ln
215 3251 290 3308 grato
315 3257 436 3302 nemore,
459 3258 506 3309 ptr
527 3241 613 3310 quod,
634 3253 663 3292 ¹³1
713 3247 764 3315 760
776 3258 801 3297 et
814 3245 886 3296 alibi.
899 3244 1044 3315 Licetergn
1057 3243 1145 3294 dicere
1154 3259 1211 3294 esse

165 3322 303 3373 atnoenitae
325 3319 376 3372 loci
392 3322 477 3388 major
496 3334 579 3387 esset,
602 3321 663 3371 des·
710 3323 856 3395 plurimum
878 3323 949 3376 idem
967 3322 1054 3394 quod,
1074 3337 1209 3394 maynum.

166 3398 255 3450 cendit
282 3404 373 3453 amnis.
405 3401 502 3453 Amnes
525 3402 664 3453 subterra
713 3403 755 3454 Sic
784 3403 842 3452 inl·
861 3403 924 3464 Vll,
950 3403 983 3455 83
1009 3401 1130 3452 Albunea
1153 3415 1212 3471 quoe

166 3477 409 3550 ferriviclimusjem
416 3479 462 3532 Ge.
473 3482 515 3532 lV.
526 3479 591 3540 366,
602 3481 661 3549 367.
713 3481 829 3532 maxima
840 3491 922 3532 tonat.
934 3481 1013 3552 Apud
1023 3479 1141 3531 Servium
1152 3497 1210 3550 sup.

165 3557 313 3608 Eridanum
323 3573 410 3611 autern
420 3559 491 3630 quod
498 3562 664 3631 potissimum
714 3561 747 3616 ad
760 3581 785 3610 v.
796 3561 849 3614 603
862 3561 991 3612 Tantalus
1003 3562 1028 3612 in
1041 3559 1158 3611 Eridano
1168 3560 1213 3610 In·

168 3637 299 3708 appellat,
319 3641 440 3710 suspicor
459 3641 556 3692 tabulis
575 3653 665 3710 poeta·
709 3643 831 3714 ferorum
855 3651 924 3692 ⁴«tetre
949 3653 1084 3701 narratum
1107 3657 1160 3710 quo
1181 3639 1213 3691 li·

166 3735 239 3781 rum,
249 3719 294 3787 qui
304 3717 484 3788 Argonautica
493 3721 664 3789 scripserunt,
715 3740 796 3794 quere
809 3719 913 3772 videtur
925 3722 1004 3772 etiarn
1014 3719 1048 3771 ab
1059 3719 1116 3772 aliis
1127 3721 1211 3790 poetis

168 3797 273 3861 deberi,
295 3817 310 3850 a
332 3799 429 3869 quibus
453 3800 527 3869 plura
542 3800 664 3852 videntur
713 3800 857 3852 Eridanum
871 3799 950 3850 simili
964 3801 1065 3851 ratione
1087 3801 1167 3851 luisse
1185 3802 1213 3851 in

168 3876 290 3928 fabulose
303 3877 336 3929 de
355 3877 470 3928 Eridano
483 3878 579 3930 tradita
592 3897 665 3945 esse,
715 3885 805 3934 inferia
818 3881 989 3934 celebratum.
1004 3883 1057 3944 An,
1071 3881 1143 3952 quod
1153 3883 1213 3933 Eri-

168 3959 238 4008 fortc
248 3959 327 4010 etiem
339 3957 408 4021 hoc,
422 3957 495 4028 quod
504 3957 538 4010 ad
550 3958 609 4010 loca
622 3959 665 4010 ille
716 3962 799 4014 danus
818 3961 926 4012 alterins
941 3959 1117 4031 hemisphaerii
1139 3961 1212 4014 sidua

169 4038 255 4088 infera
274 4037 400 4090 defertur.
419 4040 453 4090 cf.
472 4037 594 4107 Apollon.
615 4039 666 4108 tv,
716 4054 768 4104 eet,
786 4053 878 4113 poetas
892 4039 926 4093 ad
939 4040 1007 4092 hanc
1026 4044 1063 4093 rei
1083 4044 1213 4094 narratio·

169 4117 220 4186 627
240 4137 279 4188 sq.
300 4117 448 4186 namhoc,
461 4117 534 4190 quod
547 4117 666 4194 adiufe·
715 4139 776 4174 nem
788 4123 856 4176 forte
870 4120 999 4174 adduxit?
1010 4125 1044 4172 At
1058 4127 1116 4194 pari
1125 4125 1212 4196 juree

240 4203 265 4256 3.
571 4258 576 4268 ,
1007 4226 1036 4261 1²
