2956 4680
325 515 330 522 ,
389 447 452 510 ΔΙ)
478 442 678 508 LIBRUM
699 443 809 508 VIII.
1056 451 1115 530 tsi

78 587 165 641 namt,
178 574 291 644 fusoque
303 567 427 642 praesidio
439 569 631 637 interfectoque
644 567 744 632 Lauso,
756 565 911 619 Mezentium
927 571 1017 642 fugam
1034 573 1123 628 facere

81 666 241 728 coegerunt.
259 653 283 702 Is
301 661 394 723 postea
412 668 460 719 per
481 648 581 719 legatos
594 648 736 698 amicitiam
754 649 959 720 societatemque
971 652 1124 706 Latinorum

80 733 255 805 impetravit:
268 732 305 782 ita
316 731 407 779 Victor
418 727 453 778 0.
463 727 494 778 G.
502 728 532 776 R.
551 724 593 786 15;
604 739 630 776 et
639 725 734 777 similia
746 726 817 796 apud
828 727 936 799 Dionys.
949 732 973 795 I,
986 729 1032 794 65;
1045 735 1125 785 etiam

81 810 225 864 Plutarch.
238 810 290 877 Qu.
306 810 380 858 Rom.
399 824 426 875 p.
445 805 495 874 275
506 804 538 854 D.
552 803 593 855 ed.
611 805 653 854 Fr.
667 804 707 880 rei
720 815 847 874 tanquam
858 806 937 878 uulgo
949 823 1061 861 narrata
1072 830 1126 863 rne-

82 893 185 953 minit,
198 888 244 940 sed
257 889 295 938 sic
307 898 336 936 ut
348 883 382 936 ad
392 885 500 936 AEneam
513 883 669 946 transferat,
683 892 739 952 qua
752 883 796 934 alii
807 881 840 936 (le
851 883 965 936 Ascanio
976 902 1125 940 narrarunt.

82 968 197 1020 Rustica
205 963 304 1018 vinalia
313 982 328 1015 a
336 964 461 1014 Romanis
469 963 496 1012 in
506 960 584 1030 hujus
597 963 635 1012 rei
643 962 795 1012 memoriam
807 958 872 1028 (XII
882 962 941 1013 ttat.
955 964 1019 1016 Maii
1027 966 1038 1035 )
1046 968 1128 1018 luisse

83 1050 211 1098 instituta
219 1047 312 1097 Festus
325 1044 440 1105 notavit,
452 1040 614 1092 Annal'stbn'
626 1039 661 1092 ad
672 1059 694 1091 a.
706 1040 723 1091 I.
733 1040 898 1092 observante.
909 1043 973 1109 Quae
984 1063 1025 1097 res
1035 1046 1129 1098 saltem

81 1127 141 1176 Iroc
155 1125 247 1188 docet,
258 1124 393 1192 antiquam
402 1122 463 1172 satis
476 1133 501 1172 ct
512 1137 528 1170 a
538 1119 682 1188 majoribus
693 1133 827 1190 acceptam
839 1123 894 1189 ejus
903 1124 1045 1177 reifamam
1057 1127 1130 1197 apud

84 1208 225 1257 Romanos
237 1202 334 1263 fuisse;
348 1203 457 1253 veritate
475 1203 544 1252 enirn
559 1211 584 1250 et
595 1199 711 1250 hIstoriae
728 1199 779 1252 lide
798 1200 948 1269 hujusmodi
965 1209 1129 1260 narrationes

83 1302 144 1335 non
156 1285 284 1334 nituntur.
295 1281 379 1331 Etiam
395 1277 428 1330 de
441 1279 497 1346 ejus
509 1279 572 1329 festi
587 1279 688 1348 origine
699 1280 773 1330 varia
783 1279 834 1330 tuit
846 1281 914 1331 inter
926 1282 1058 1336 Romanos
1069 1304 1131 1337 nar-

83 1362 167 1412 ratio.
180 1379 204 1412 r.
217 1362 292 1410 Varr.
307 1357 339 1410 cle
351 1359 399 1408 LL.
413 1358 445 1419 V,
458 1375 484 1426 p.
506 1355 539 1422 48
557 1355 598 1407 ecl.
612 1355 709 1406 Dordr.
723 1369 750 1408 et
770 1357 857 1426 ipsum
868 1358 973 1410 Festum
986 1380 1008 1412 e.
1019 1362 1036 1413 I.
1051 1364 1131 1414 Euor-

83 1441 165 1492 navit
174 1439 351 1492 narrationem
364 1452 412 1486 suo
425 1453 498 1486 more
510 1433 626 1485 ovidius·
635 1435 705 1486 Fast.
717 1436 761 1501 IV,
775 1435 823 1505 877
837 1453 910 1506 sqq,
923 1449 953 1488 ut
965 1451 1051 1494 tamen
1063 1443 1133 1493 Var.

86 1537 186 1572 ronem
197 1518 363 1590 potissimum
373 1527 434 1566 ante
448 1513 540 1566 oculos
552 1513 678 1566 babuisse
690 1514 819 1566 videatur.

126 1599 217 1665 Quaeri
229 1616 299 1648 nunc
312 1608 415 1666 potest,
426 1593 489 1665 quid
503 1594 641 1665 Virgilium
656 1593 809 1662 adduxerit,
821 1609 850 1647 ut
860 1597 989 1650 MezentIo
998 1612 1051 1653 tarn
1062 1616 1134 1654 atro·

87 1697 151 1729 cern
162 1694 302 1748 personam
314 1674 454 1739 indueret,
470 1691 584 1743 eumque
595 1674 681 1724 Deum
693 1685 874 1726 contemtorem
888 1687 914 1727 et
923 1679 1078 1752 sacrilequm
1092 1701 1136 1732 ex-

88 1755 204 1806 hiberet.
219 1755 304 1804 Poetae
319 1753 453 1822 ingenium
474 1769 527 1820 quo
547 1753 654 1810 tram'ne
668 1769 835 1823 progressum
854 1755 901 1818 sit,
916 1756 994 1808 tacite
1011 1777 1043 1810 ex
1054 1759 1135 1810 modo

89 1845 240 1884 memorata
250 1832 401 1883 narratione
412 1829 523 1901 intelligi
535 1844 637 1900 potest,
648 1844 674 1883 et
685 1851 701 1883 a
709 1832 848 1884 Macrobio
859 1853 965 1905 quoque
977 1836 1137 1907 explicatum

91 1914 157 1962 satis
171 1924 211 1963 est
224 1911 280 1962 Sat.
293 1912 345 1974 III,
356 1909 371 1960 5
382 1910 433 1960 Sed
442 1927 528 1960 veram
539 1909 615 1981 hujus
625 1912 842 1964 contumacIssimi
851 1913 965 1966 nominis
973 1916 984 1986 (
992 1916 1064 1986 quod
1074 1936 1138 1969 con-

91 2003 193 2042 temtor
205 1990 294 2040 divum
302 1989 388 2039 dictus
397 2002 436 2039 est
444 1989 455 2058 )
464 2007 578 2041 cannam
593 1990 620 2040 in
631 1991 718 2061 primo
731 1989 796 2040 libro
808 1991 897 2063 Oriqq.
913 1995 1016 2045 Catonis
1027 1994 1137 2068 diliqens

94 2068 177 2120 lector
190 2067 312 2120 inveniet.
328 2065 376 2116 Ait
384 2065 456 2116 enim
469 2067 631 2116 Mezentium
646 2066 750 2118 Rutulis
767 2069 916 2137 imperasse,
940 2081 970 2120 ut
988 2072 1037 2122 sibi
1053 2075 1136 2143 offer-

92 2156 170 2209 rent,
192 2162 255 2215 quas
270 2143 320 2194 diis
334 2141 464 2214 primitias
476 2143 641 2212 offerebant:
659 2155 684 2194 et
694 2143 801 2196 Latinos
813 2163 914 2211 omnes,
926 2145 1019 2200 sirnilis
1032 2148 1137 2220 imperii

92 2234 183 2288 metu,
204 2211 239 2272 ita
257 2239 355 2274 vocasse
366 2220 401 2290 (l.
415 2223 519 2273 rosisse
530 2222 540 2290 )
551 2243 557 2269 ι
570 2221 692 2290 Jupiter,
704 2222 727 2273 si
740 2221 787 2272 tibi
799 2224 881 2296 mcqis
896 2226 968 2276 cordi
984 2236 1034 2290 ert,
1048 2245 1092 2279 nos
1104 2247 1136 2279 eo

96 2302 147 2352 titi
159 2301 219 2353 dare
233 2303 338 2372 potius,
358 2319 439 2372 quam
450 2300 598 2352 Mezentio.-
613 2311 642 2351 ut
652 2301 678 2351 ei
694 2319 739 2352 nos
750 2301 855 2354 victores
865 2303 967 2372 facias!
984 2305 1054 2378 Erqo
1066 2308 1138 2378 quod

95 2380 197 2431 divinos
212 2379 319 2434 bonores
335 2380 384 2432 siti
403 2390 537 2452 excqerat,
558 2379 650 2430 merito
669 2380 752 2432 dictus
771 2391 808 2434 est
825 2401 841 2432 a
861 2382 975 2454 Vir-pilio
993 2397 1138 2440 contemtor

94 2459 211 2511 deorsam.
227 2460 293 2512 Cum
305 2461 447 2531 impietatis
459 2472 537 2524 nota,
554 2460 649 2511 inussit
664 2457 761 2512 deinde
778 2474 858 2530 poeta
874 2464 977 2516 saevitia
994 2469 1134 2536 omnisque

96 2539 260 2591 crudelitatis
273 2541 423 2600 infamiam,
439 2552 507 2592 utet
521 2540 581 2591 vira
592 2557 706 2608 corpora
715 2539 840 2609 alligaret
853 2541 1034 2594 cadaveribus.
1048 2564 1072 2594 r.
1085 2545 1132 2598 lib.

96 2617 171 2680 vttt,
184 2615 234 2681 483
247 2633 305 2685 sqq.
318 2615 375 2664 Hoc
387 2628 549 2684 postrenum
564 2637 594 2665 ex
610 2618 724 2686 antiquis
738 2618 885 2668 Tuscorum
901 2619 1000 2672 fabulis
1015 2635 1136 2676 mutuare

97 2694 194 2764 potuit.
212 2693 280 2743 Nam
297 2691 401 2743 Servius
418 2692 457 2743 ibi
471 2690 504 2742 ad
517 2693 585 2760 479,
598 2691 649 2757 485
662 2711 693 2745 er
704 2691 839 2744 Ciceronis
852 2697 993 2747 Hortensio
1010 2714 1140 2753 memorat

99 2770 251 2843 Tyrrhenos
265 2771 311 2822 diu
323 2773 462 2844 piraticum
473 2773 634 2836 exercuisse,
649 2790 731 2842 quum
741 2773 855 2842 captivos
865 2775 937 2826 nouis
943 2777 1027 2845 poenis
1035 2779 1140 2854 affliqe·

99 2861 175 2914 rent,
195 2850 335 2901 occisorum
354 2868 394 2901 cos
414 2849 551 2919 reliquentes
566 2850 739 2900 cadaveribus.
760 2851 844 2902 Locus
857 2869 887 2902 ex
900 2853 1054 2919 Hortensio,
1067 2857 1141 2926 quod

104 2925 191 2981 Cerda
204 2945 310 2996 quoque
321 2929 438 2988 notarit,
450 2939 568 2977 servatus
581 2940 620 2977 est
632 2927 666 2976 ab
677 2928 825 2997 Augustino
836 2941 928 2980 contra
940 2930 1038 2982 Julian.
1051 2932 1138 3005 Pelag.

102 3005 149 3056 lib.
161 3005 205 3068 IV,
218 3007 259 3076 78.
276 3007 343 3056 Hinc
360 3023 392 3056 ea
405 3005 557 3056 immanitas
576 3004 677 3056 tributa
695 3018 734 3056 est
749 3006 866 3058 Etruscis
882 3027 896 3060 a
912 3011 1061 3076 nonnullis,
1078 3026 1107 3064 ut
1124 3034 1141 3066 a

102 3081 192 3134 Valer.
205 3083 274 3135 Max.
288 3083 337 3146 IX,
353 3100 383 3146 a,
397 3095 476 3134 exter.
494 3098 538 3146 to,
557 3094 586 3132 ut
605 3099 650 3132 eos
667 3083 784 3133 vivorum
797 3102 904 3154 corpora
916 3087 1082 3141 cadaveribus
1092 3091 1141 3142 ad-

103 3181 173 3215 versa
194 3163 303 3216 adversis
321 3160 432 3234 clliqata
450 3173 530 3234 atque
546 3161 669 3214 adstricta
685 3191 720 3200 -
737 3163 862 3232 tabescere
876 3164 956 3216 simul
972 3185 1066 3236 passos
1083 3187 1140 3221 csse

103 3255 249 3294 narrarent.

142 3322 243 3374 Priscus
255 3323 360 3375 fabulas
369 3341 423 3374 non
435 3322 530 3388 modo,
541 3341 633 3374 rerum
643 3325 721 3374 etiarn
730 3321 837 3376 Catonis
846 3326 1034 3398 plerorumque
1045 3331 1142 3382 Roma-

106 3419 201 3452 norum
215 3404 295 3454 miros
308 3421 410 3455 errores
425 3404 451 3453 in
463 3401 608 3474 originibus
621 3402 701 3454 Italia·
716 3422 730 3454 a
743 3403 838 3454 Graccis
855 3407 1021 3475 repetendis,
1034 3420 1141 3477 poetam

107 3483 134 3532 in
151 3499 205 3532 rem
222 3499 296 3533 suam
314 3483 449 3554 Ingeniosa
469 3495 572 3534 vertera
591 3483 690 3552 passim
707 3479 828 3534 vidimus.
841 3483 916 3535 Alius
928 3485 978 3535 tuit
995 3489 1141 3537 communis

108 3559 301 3623 Romanorum,
314 3581 329 3612 a
343 3561 439 3614 Grecis
453 3574 577 3633 acceptus
589 3580 676 3627 error,
688 3574 718 3612 ut
732 3563 870 3628 Etruscos,
883 3563 979 3615 Graecis
991 3563 1141 3636 Tyrrhenos

109 3637 209 3704 dictos,
229 3659 243 3690 e
261 3640 342 3712 Lydia
360 3655 516 3712 repeterent.
535 3643 658 3693 Errorem
670 3641 737 3704 dixi,
750 3644 824 3711 cujus
837 3661 943 3694 caussas
957 3643 1009 3694 alio
1026 3645 1086 3696 loco
1098 3664 1141 3698 er·

109 3719 185 3788 posui
197 3717 281 3786 (Nou.
303 3723 473 3773 commentar.
486 3721 541 3773 Sec.
562 3723 675 3794 Gottiny.
690 3722 765 3771 Tom.
779 3725 827 3786 III,
840 3723 914 3776 Parte
928 3722 1020 3776 histor.
1034 3744 1093 3796 pag.
1107 3725 1141 3778 36

111 3813 168 3865 sqq.
181 3798 207 3846 in
220 3795 365 3850 Comment.
385 3799 416 3850 de
428 3799 503 3868 felth.
524 3798 597 3872 reliq.
620 3801 699 3851 Groec.
713 3801 745 3850 ab
757 3801 864 3854 Etrusco
876 3812 931 3852 arte
941 3801 1139 3874 frequentat.):

111 3877 177 3926 inter
190 3893 255 3944 quas
266 3880 400 3948 praecipua
412 3881 492 3930 fuisse
504 3879 609 3931 videtur
621 3883 678 3952 ipsa
688 3881 801 3932 nominis
814 3882 915 3950 antiqui
927 3882 1088 3933 llasenarum
1099 3883 1141 3934 vel

114 3953 319 4023 Tursscnarum,
342 3957 498 4028 depravatio
519 3979 567 4030 per
587 3959 691 4012 Graecos
712 3962 738 4011 in
758 3978 850 4013 vocem
869 3961 997 4028 Toporrdr,
1016 3963 1142 4030 Tviirrdr,

116 4030 186 4100 quod
199 4033 279 4086 modo
294 4055 310 4088 a
320 4035 411 4104 adpetet
424 4038 541 4090 turribus
553 4038 699 4104 ducebant,
713 4039 793 4092 modo
805 4059 821 4092 a
832 4039 967 4111 Tyrrheno
981 4040 1084 4111 aliquo,
1098 4042 1143 4110 qui

118 4110 226 4162 coloniae
239 4127 331 4166 auctor
343 4117 442 4170 finisset.
456 4119 514 4170 Iam
527 4121 554 4171 in
566 4121 659 4191 priscis
671 4120 801 4191 Lydorum
812 4120 908 4174 fabulis
919 4121 1145 4192 occurrebat'Iyr·

181 4197 206 4251 3.
936 4209 967 4260 31
