3028 4682
432 367 669 434 anainos
692 367 847 432 meua
869 369 957 436 vn.
1007 323 1011 330 ¹
1152 397 1211 466 η,

173 494 357 574 Tellurem,
372 492 623 584 Nymphasque,
637 509 670 556 et
681 491 790 557 adhuc
802 493 912 580 ignota
924 513 1077 583 precatur

176 601 341 680 Flumina3
354 618 424 664 tum
437 603 590 678 Noctem,
604 599 784 687 Noctisque
797 600 937 665 orientia
950 602 1061 690 Signa,

176 706 368 796 ldaeumque
380 707 514 784 lovem,
527 704 768 794 Phrygiamque
782 727 821 768 ex
833 703 949 770 ordine
962 709 1116 790 Matrem,

176 815 323 892 Invocat,
338 828 371 876 et
383 810 523 900 duplicis
536 810 690 900 Caeloque
703 809 880 899 Ereboque
892 829 1055 899 parentes.
1174 829 1217 888 rto
1294 837 1300 848 ·

175 919 239 985 Hic
251 921 347 983 Pater
358 918 568 1006 omnipotens
579 932 631 980 ter
642 916 723 982 caelo
735 915 841 981 clarus
853 915 895 981 ab
906 917 973 983 alto

175 1023 337 1103 Intonuit3
351 1021 516 1113 radiisque
527 1021 699 1088 ardentem
710 1021 792 1086 lucis
806 1039 839 1086 et
850 1044 931 1088 euro

174 1132 250 1219 lpse
262 1153 361 1194 manu
374 1130 524 1219 quatiens
536 1126 680 1194 ostendit
692 1126 733 1192 ab
746 1127 867 1192 aethere
880 1127 1014 1194 nubem.

173 1233 307 1300 Diditur
318 1233 372 1300 hic
383 1233 494 1299 subito
506 1231 650 1323 Trojano
661 1256 722 1322 per
733 1233 863 1321 agmina
874 1255 1002 1315 rumor,

173 1339 354 1406 Advenisse
367 1339 469 1419 diem,
484 1363 551 1430 quo
564 1339 675 1404 debite
686 1339 808 1404 moenia
819 1339 974 1406 condant.
1176 1356 1217 1412 145

174 1445 329 1509 Certatim
343 1447 524 1510 instaurant
536 1445 664 1533 epulas,
677 1461 777 1534 etque
790 1445 900 1510 omine
912 1469 1031 1534 magno

174 1553 322 1616 Crateras
334 1552 400 1617 laeti
412 1566 573 1630 statuunt,
588 1566 621 1615 et
633 1552 708 1615 vina
720 1567 889 1616 coronant.

216 1661 349 1724 Postera
361 1681 465 1750 quum
476 1658 583 1747 prima
594 1656 753 1722 lustrabat
763 1653 915 1747 lampade
927 1674 1031 1724 terrae

208 1818 258 1866 138.
268 1827 379 1882 noctuque
387 1819 450 1881 conj.
462 1817 543 1874 νοω,
555 1815 615 1864 male
621 1833 629 1874 ς
641 1831 695 1864 nem
704 1815 799 1880 vulgare
809 1831 877 1866 eeter-
889 1819 992 1881 roreque
1001 1817 1067 1862 honr.
1078 1817 1190 1866 horrentia
1199 1835 1218 1868 s.

172 1888 277 1935 Perrhae.
284 1913 316 1925 -
326 1886 376 1944 141.
384 1887 440 1935 eoelo
448 1889 588 1951 terGuning.
598 1905 626 1936 ex
634 1889 671 1935 ed.
680 1889 755 1950 princ.
764 1901 788 1935 et
798 1887 901 1950 ¹47⁶···
912 1888 962 1945 141.
969 1903 1014 1952 que
1020 1887 1085 1935 aben
1091 1890 1188 1938 nonin.
1197 1900 1221 1938 et

173 1969 239 2006 oron
248 1959 317 2006 Goth.
325 1975 371 2010 tec.
379 1961 448 2006 Forte
455 1975 512 2006 auro
519 1962 591 2022 anagia
598 1959 693 2022 placere
702 1962 787 2022 prosim
796 1975 850 2006 nem
858 1962 953 2024 proprie
961 1972 985 2006 et
992 1959 1061 2006 docte
1068 1975 1125 2006 auru
1134 1960 1189 2008 lucis
1196 1975 1219 2010 et

166 2028 274 2091 selauno
283 2029 381 2085 dieitur;
390 2041 417 2075 ut
428 2043 498 2093 enprn
507 2030 549 2084 Vl,
560 2029 603 2085 104
614 2030 722 2076 vidimus.
731 2030 820 2077 Tamen
830 2045 874 2077 nec
883 2028 943 2076 male
951 2029 1021 2076 nubes
1027 2030 1109 2076 arderes
1121 2033 1189 2078 mdiu
1198 2041 1221 2078 et

173 2113 231 2144 euro
242 2097 298 2144 lucie
308 2114 352 2161 pro
363 2097 465 2161 vulgari,
476 2099 548 2144 radii·
559 2100 648 2153 eureiu
658 2111 713 2144 notu
724 2099 805 2160 figure.
816 2097 891 2152 noina
904 2094 1052 2158 Maeotidis,
1064 2115 1092 2144 ex
1101 2116 1147 2163 qua
1158 2103 1222 2148 into-

174 2169 234 2214 nuit.
241 2191 273 2202 -·
282 2167 333 2224 144.
343 2167 440 2213 Deditur
448 2170 529 2230 rcripti
538 2183 619 2213 ornnee
629 2169 723 2224 licium,
731 2170 777 2214 niei
786 2168 851 2232 quod
861 2179 908 2214 tree
917 2167 1013 2223 dicitur,
1022 2181 1045 2214 et
1055 2169 1131 2230 Sprot.
1139 2169 1220 2216 editur.

174 2236 268 2282 Diditur
279 2249 356 2282 tamen
370 2238 472 2283 Pieriani
483 2236 573 2299 aliquot
585 2236 738 2292 exhibebant,
754 2249 777 2284 et
791 2239 895 2299 aqnoecit
909 2237 951 2282 Ge.
966 2237 1068 2294 fabric,
1083 2240 1162 2301 sieque
1172 2241 1221 2301 jain

175 2305 323 2352 emendatum
336 2321 348 2350 a
361 2306 490 2367 Naugerio,
502 2319 525 2352 et
534 2323 547 2352 a
556 2303 685 2352 Benedicto
695 2323 707 2352 e
719 2307 777 2354 Cod.
788 2305 836 2353 Pal.
845 2322 886 2371 per
895 2323 953 2372 epm.
965 2308 1135 2353 murmurVeo.
1147 2321 1169 2354 et
1178 2323 1222 2370 pro

174 2391 222 2423 var.
236 2375 289 2422 loct.
302 2375 363 2422 Gud.
377 2388 399 2422 et
410 2393 446 2440 pr.
457 2377 583 2440 llamburq.
594 2401 626 2412 -
638 2376 688 2434 145.
698 2378 795 2424 condent
805 2376 896 2442 aliquot
908 2379 969 2424 Pier.
982 2390 1005 2424 et
1019 2390 1065 2424 trea
1076 2378 1155 2424 lleine.
1168 2395 1221 2426 curn

173 2447 221 2492 Eri.
234 2448 298 2494 Licet
312 2460 336 2494 et
349 2445 394 2494 hoe
409 2450 477 2496 tueri.
490 2474 523 2489 ‚-
541 2448 590 2506 146.
606 2449 683 2496 ordine
697 2449 786 2496 Zulich.
801 2451 888 2516 oqmine
901 2465 937 2512 pr.
952 2449 1035 2495 llamh.
1050 2463 1073 2497 et
1086 2451 1161 2512 Bigot,
1175 2451 1222 2497 Sed

174 2519 247 2564 omrire
256 2533 335 2582 moqno
344 2518 450 2566 aheolute
460 2518 557 2574 dietum,
564 2535 636 2582 quum
645 2530 691 2565 tarn
701 2519 789 2567 clarum
800 2531 822 2567 et
832 2519 984 2566 manifestum
991 2521 1113 2582 augurium
1121 2522 1176 2583 ipoie
1183 2520 1222 2566 da·

174 2601 223 2636 tuni
234 2602 306 2645 eeter,
318 2590 462 2653 eto-147.
473 2591 589 2636 Omnium
599 2591 684 2636 lloret.
693 2605 741 2638 uec.
753 2591 802 2640 rid.
812 2590 874 2648 adl,
885 2589 979 2654 714-
991 2587 1041 2646 148.
1050 2593 1123 2654 pnino
1133 2589 1222 2655 aliquot

173 2724 280 2794 gionern
302 2724 406 2776 iaciunt
425 2737 452 2777 et
474 2724 672 2778 venerationem
721 2722 1222 2797 Pompon.Sub-,dumApollinemcon-

173 2817 281 2856 movent
296 2805 405 2856 nomina
418 2803 548 2866 deornm,
561 2823 592 2857 ex
604 2807 673 2860 enti·
722 2805 834 2861 tendunt
853 2805 1008 2860 habendum
1031 2823 1096 2858 ease.
1115 2824 1141 2857 v.
1163 2807 1220 2874 140.

175 2884 407 2956 quiorereligione
420 2883 673 2955 desumto,quana·
721 2886 838 2958 duplices
866 2883 985 2958 Curioque
1017 2885 1153 2957 Ereboque
1173 2875 1227 2958 ρει·ι

174 2975 278 3030 turam,
302 2977 402 3016 naturae
422 2977 535 3034 partes,
555 2966 625 3017 vires
646 2977 672 3017 et
722 2978 819 3033 renus,
835 2979 978 3036 utrumque
996 2978 1151 3035 parentem,
1168 2968 1221 3018 Ve-

174 3042 306 3094 elementa
326 3043 382 3094 lere
400 3043 427 3094 in
444 3061 571 3114 precum,
590 3042 675 3096 roede-
722 3063 814 3098 uerene
825 3045 894 3098 inter
905 3044 987 3110 deos,
1005 3043 1138 3096 Anchisen
1152 3046 1221 3098 inter

175 3141 234 3174 rotn
247 3123 289 3175 vel
302 3125 402 3192 jurium
415 3121 606 3193 jurandomnr,
618 3126 673 3176 for·
721 3123 823 3178 Manes.

175 3202 254 3254 mulie
282 3215 405 3273 ponunt,
429 3215 458 3253 ut
482 3213 523 3254 tot
544 3203 672 3264 Homeri,
760 3203 920 3272 141-147.
947 3201 1095 3274 Augurium
1116 3201 1221 3268 lutum,

175 3281 327 3353 Apollonii,
339 3301 402 3334 narn
415 3294 442 3334 et
457 3282 479 3332 ie
491 3294 593 3336 veteres
610 3282 673 3334 reli·
722 3283 823 3334 tonitru
838 3281 901 3333 eaelo
919 3299 1013 3334 uerene
1027 3303 1033 3332 1
1048 3292 1074 3334 et
1087 3280 1193 3351 quidem
1206 3303 1221 3334 e

175 3364 267 3433 qioneo
280 3375 413 3427 sectatur,
429 3360 536 3414 Pindari
548 3359 590 3431 (v.
603 3360 672 3412 Pith.
721 3360 793 3412 nube
813 3360 896 3412 fulva.
917 3361 1048 3412 Eventum
1064 3361 1223 3430 frequentis-

175 3442 289 3508 lv,343
306 3440 539 3514 seqq.),AEachyli
556 3454 582 3493 et
601 3453 673 3492 cete·
723 3443 826 3494 simum.
850 3459 875 3490 v.
901 3459 924 3492 c.
942 3439 1047 3491 Pindar.
1072 3439 1089 3492 l.
1110 3459 1132 3491 c.
1160 3440 1221 3493 350.

175 3539 268 3574 rorum
284 3521 472 3594 Tragicorum,
489 3524 570 3576 etiam
587 3523 674 3575 llero·
722 3521 781 3572 lloo
800 3539 826 3571 v.
852 3520 900 3587 146
923 3538 999 3570 omen
1021 3537 1155 3591 ureqnum.
1182 3519 1221 3573 De
1311 3575 1314 3583 ,

176 3602 232 3656 dot.
241 3603 300 3654 loca
308 3601 413 3656 docent.
422 3605 452 3654 ln
466 3621 490 3654 v.
508 3603 556 3673 139
568 3601 674 3654 domeu-
721 3619 747 3653 v.
765 3600 1223 3672 1471111111εονοηαπι,οοιιί.ειψ.1,

175 3683 230 3736 tica
251 3683 362 3734 numina
382 3683 504 3753 subjicit,
527 3701 559 3735 ex
583 3682 674 3735 ordine
724 3681 784 3752 7114.

177 3763 274 3830 ὅφιξῖς,
289 3763 414 3834 deincepe
424 3800 434 3829 ,
445 3777 475 3816 nt
486 3767 543 3834 jam
560 3763 624 3816 alibi
636 3763 675 3814 ri·
761 3761 809 3828 148
819 3789 855 3800 --
868 3759 923 3812 151.
946 3759 1055 3827 diremi,
1074 3762 1220 3819 secundum

176 3841 272 3918 dimus.
286 3842 424 3914 Couqeaoit
440 3842 525 3894 multa
536 3841 571 3894 ed
582 3845 675 3915 sinqu-
723 3841 770 3893 illa
779 3859 802 3892 1.
816 3840 863 3892 131
874 3859 890 3890 e
897 3849 974 3912 portu
982 3839 1080 3892 diversa
1091 3851 1218 3910 petamue

177 3923 217 3973 los
233 3939 325 3974 verens
340 3921 427 3975 Cerdo
446 3923 509 3974 satie
532 3923 625 3974 otiose.
644 3923 675 3973 ln
724 3937 780 3976 tum
796 3925 949 3994 explorent,
964 3923 1053 3972 auimo
1072 3924 1221 3996 subjungo,

179 4001 263 4053 Genio
271 3998 340 4068 lori,
353 4021 431 4073 quern
440 4003 496 4072 jam
504 4019 587 4073 oopra
596 4002 628 4068 V,
640 4000 674 4072 95
724 4017 751 4056 et
762 4004 937 4073 comperiunt.
951 4003 1018 4054 Hinc
1030 4005 1120 4074 itaque
1130 4004 1164 4056 ad
1174 4005 1221 4058 Ti-

176 4081 312 4150 vidimus,
336 4095 493 4155 arguuentur
518 4082 624 4136 Servius
649 4095 676 4134 et
724 4083 825 4148 herim,
837 4081 910 4134 illiue
926 4081 960 4137 ad
972 4083 1123 4136 Numicium
1135 4103 1221 4158 usque
