2956 4680
380 403 614 471 nunroos
638 403 792 469 trouu
814 407 925 471 vrri.
1110 403 1175 489 405

138 527 207 592 Imn
219 544 343 616 petens.
356 531 428 592 Nox
440 530 562 592 AEneen
574 547 776 615 somnusque
788 527 939 616 reliquit:

136 633 258 721 Surgit,
272 650 318 712 et,
332 632 457 698 aetherii
469 648 618 721 spectans
631 633 769 698 orientia
781 632 864 698 Solis

137 739 291 817 Lumina,
304 739 365 802 rite
377 739 464 804 cavis
477 737 601 804 undam
613 737 655 802 de
667 737 803 804 ilumine
814 736 931 826 palmis

136 842 337 922 Sustulit,ae
349 843 420 908 talis
432 843 575 908 effundit
586 843 628 908 ad
641 843 763 909 aethera
775 864 892 909 voees:
1144 855 1177 918 70'

141 948 340 1037 «Nymphae,
353 951 533 1014 Laurentes
545 949 718 1039 Nymphae,
732 971 835 1037 genus
847 946 998 1013 amnibus
1010 945 1099 1012 unde
1111 964 1173 1028 est,

138 1053 273 1142 Tuque,
287 1077 307 1118 o
319 1053 445 1146 Thybri
457 1071 514 1120 tuo
527 1055 655 1144 genitor
667 1077 743 1120 cum
755 1054 891 1118 flumine
904 1068 1031 1133 sancto,

137 1157 288 1247 Adcipite
304 1163 440 1240 AEnean,
454 1177 487 1225 et
500 1159 635 1225 tandem
646 1177 754 1226 arcete
766 1159 908 1247 periclis.

138 1264 213 1345 Quo
226 1281 257 1328 te
270 1288 412 1355 cumque
423 1267 527 1345 lacus,
541 1267 751 1330 miserantem
762 1260 973 1330 incommodo
985 1279 1109 1344 nostra,

138 1373 243 1436 Fonte
255 1389 359 1451 tenet,
373 1395 585 1463 quocumque
596 1373 668 1439 solo
679 1370 923 1461 pulcherrimus
935 1371 1017 1452 exis,
1148 1383 1180 1445 7⁵

139 1474 276 1564 Semper
286 1476 413 1542 honore
424 1500 515 1558 meo,
528 1501 660 1566 semper
672 1477 881 1544 celebrabere
893 1475 1003 1555 donis,

141 1581 299 1670 Corniger
312 1582 534 1672 Hesperidum
546 1583 666 1648 fluvius
678 1599 834 1670 regnator
845 1603 1014 1671 equarum.

137 1684 234 1751 Adsis
246 1709 266 1750 o
279 1702 419 1768 tantum,
434 1705 467 1752 et
478 1688 617 1776 propius
629 1705 685 1751 tua
697 1688 834 1751 numina
845 1687 965 1751 firmes
980 1715 994 1744 n

140 1789 193 1855 Sic
204 1806 380 1871 memorat,
393 1793 607 1881 geminusque
619 1791 697 1878 legit
708 1789 751 1856 de
763 1789 865 1856 classe
875 1789 1024 1867 biremis,

134 1957 208 2016 fluvio
223 1957 284 2003 Gud.
302 1973 314 2002 s
330 1974 361 2002 m.
371 1975 406 2021 pr.
424 1957 475 2005 lacu
486 1968 509 2005 et
512 1959 586 2020 fluvio
597 1959 677 2005 lleins.
689 1961 752 2020 conj.
765 1958 834 2018 fluvii
848 1958 910 2020 conj.
926 1957 1056 2002 Heumann.
1069 1953 1115 2001 Sed
1130 1952 1178 2001 rid.

141 2028 194 2071 Not.
205 2052 236 2061 —
249 2026 288 2088 67.
301 2024 405 2090 rebiquit
415 2028 505 2092 aliquot
518 2030 592 2084 Pien,
603 2030 665 2074 iuter
675 2044 734 2091 quos
742 2029 808 2073 nom.
817 2051 849 2062 —
858 2043 895 2089 7ο.
909 2027 1007 2072 Sustinet
1016 2027 1081 2070 tlon.
1091 2022 1182 2086 aliquot

140 2095 202 2140 Pier-
215 2110 267 2139 eum
277 2095 376 2152 Medio,
389 2096 463 2151 Gud,
476 2095 574 2159 aliisque
584 2112 621 2157 ap.
632 2097 724 2154 lleinn,
737 2112 765 2142 ex
774 2094 955 2158 interpolatione
964 2106 1029 2156 puto.
1042 2091 1124 2155 effudit
1132 2090 1181 2138 lee-

141 2175 191 2208 tum
203 2175 256 2209 ante
268 2165 346 2211 licius.
360 2163 452 2227 diffudit
462 2164 499 2211 ed.
513 2165 572 2211 Ven.
583 2190 615 2200 -
626 2180 664 2227 7²·
681 2168 715 2210 Tu
724 2181 813 2228 quoque
824 2165 895 2223 Tybri
903 2164 950 2209 duo
961 2165 1040 2208 Burm-
1051 2179 1065 2208 o
1076 2161 1126 2207 aliis
1138 2177 1181 2206 ex-

141 2233 211 2288 cidit;
223 2235 247 2278 in
258 2233 308 2280 aliis
319 2251 325 2280 ι
340 2239 418 2298 litque
426 2253 440 2281 ο
454 2235 534 2294 Tybri,
553 2245 589 2291 tu,
603 2252 630 2291 o,
646 2235 709 2298 apud
721 2236 782 2281 Pier.
796 2235 922 2289 ceticius,
938 2233 1002 2296 quod
1013 2231 1125 2295 probabat
1137 2231 1180 2276 Ge.

142 2302 232 2348 fabrio.
247 2319 300 2348 eum
315 2304 484 2368 Cuninqlaatno.
501 2304 547 2350 Atii
558 2306 625 2351 aliter
637 2305 739 2351 turbant.
754 2313 777 2350 tu
785 2305 881 2366 flumme
896 2301 984 2350 Tbusro
995 2304 1070 2364 ttqot.
1083 2300 1182 2363 Vulgata

143 2384 177 2419 est
187 2372 251 2435 apud
259 2375 323 2420 Serv.
336 2387 359 2421 et
368 2375 471 2420 Macrob.
483 2375 528 2432 Vl,
549 2391 572 2430 r,
591 2375 631 2420 ubi
644 2375 712 2422 docet
724 2390 753 2422 ex
763 2375 838 2420 Ennio
850 2373 1012 2420 adumbratum
1024 2387 1072 2418 etse
1082 2386 1181 2418 vertum.

141 2442 200 2489 Nam
210 2445 230 2489 is
245 2459 251 2488 :
273 2445 348 2506 Teque
355 2453 420 2506 puter
432 2443 533 2490 Tiberim
543 2453 581 2490 tuo
589 2445 740 2505 cumflurnine
749 2453 826 2490 saneto
835 2446 958 2490 cecinerat.
970 2451 1052 2489 ueruto
1063 2441 1131 2488 codd.
1145 2457 1182 2503 ap.

143 2513 204 2568 Pier.
217 2512 246 2559 ci.
259 2515 383 2562 Burmann.
396 2517 446 2562 Sec.
457 2516 486 2561 ad
497 2514 622 2578 Antboloq.
637 2531 661 2578 p.
675 2515 711 2578 73.
722 2517 795 2562 Etiam
806 2531 834 2562 ex
845 2516 910 2562 livio
922 2525 1003 2560 notum
1012 2525 1046 2560 est
1057 2512 1098 2559 lib.
1111 2513 1143 2569 n,
1156 2528 1184 2562 ro

145 2583 247 2630 Tiberine
261 2595 338 2648 puter,
353 2588 436 2651 inquit,
452 2596 472 2632 te
487 2597 563 2634 sancte
577 2603 664 2650 precor.
674 2611 706 2622 -
715 2589 751 2649 75.
765 2595 840 2632 tenent
856 2587 921 2632 Rom.
931 2601 983 2632 curn
996 2586 1057 2631 binii
1071 2585 1149 2632 licius.
1160 2597 1184 2631 et

141 2653 223 2716 fragm.
240 2656 332 2711 Vario,
346 2657 371 2701 it.
389 2657 436 2702 liri.
452 2673 475 2721 q.
494 2655 541 2703 loco
551 2657 655 2704 Perrhae.
665 2683 697 2694 -
706 2657 743 2719 76.
754 2657 885 2703 venembere
901 2654 1009 2720 plerique
1025 2657 1085 2701 Pier.
1099 2667 1121 2702 et
1132 2655 1183 2702 bini
1205 2701 1208 2708 ,

143 2725 234 2778 licius,
251 2741 278 2771 ex
288 2727 488 2788 interpretatione.
498 2725 549 2774 Alia
561 2729 586 2773 iu
596 2729 663 2773 Witt.
675 2725 818 2774 bonomiam.
827 2752 858 2762 -
868 2725 905 2790 78.
914 2725 983 2770 Adsis
992 2734 1015 2770 et
1023 2725 1112 2787 aliquot
1121 2726 1182 2771 Pier.

142 2810 156 2839 ο
166 2793 254 2839 tandem
264 2793 334 2856 vulgo
344 2794 429 2842 lectum
440 2809 493 2842 ante
506 2797 598 2854 Heius,
611 2800 652 2860 qui
662 2814 675 2845 e
685 2801 732 2844 suis
742 2809 765 2844 et
775 2799 836 2844 l‘ier.
847 2795 987 2842 emendarit.
998 2797 1102 2858 proprius
1111 2797 1184 2856 scrip-

142 2877 192 2909 tum
202 2866 290 2912 viderat
299 2869 363 2912 Serv.
372 2866 475 2930 placidus
485 2867 547 2930 apud
559 2870 688 2926 Donatum,
707 2885 735 2915 ex
745 2871 813 2931 intpt.
825 2877 864 2913 tua
872 2871 946 2914 omnm
955 2864 1117 2912 emendaverat
1129 2863 1185 2910 Pal-

142 2950 199 2980 mer.
214 2936 323 2998 spicileg.
334 2954 357 2999 p.
366 2936 421 2983 616.
433 2937 479 2984 Sed
490 2955 573 2985 numen
580 2955 624 3002 pro
632 2939 757 2986 voluntatis
766 2953 906 3002 quecunque
916 2935 1096 2998 significatione,
1105 2914 1184 2981 looni-

142 3015 167 3048 to
176 3015 200 3049 et
212 3004 320 3058 oraculo,
340 3008 416 3065 poetis
426 3005 514 3052 dietum
530 3023 652 3054 occurrere
663 3007 718 3054 alibi
728 3009 777 3069 jam
786 3009 900 3054 monitum
910 3019 951 3052 est.
965 3021 988 3050 n.
1003 3019 1077 3049 remes
1086 3003 1184 3050 Oudart.

143 3098 174 3110 -
185 3089 222 3137 79.
235 3089 360 3122 memorum
375 3092 411 3138 pr.
420 3078 488 3123 Vou.
496 3081 596 3142 qemirus
606 3077 659 3142 ieqit
670 3079 751 3125 Prauc.
763 3091 888 3124 memoratu
902 3077 1001 3140 puniatur
1014 3072 1066 3138 leqit
1078 3073 1182 3121 Parrbas.

178 3214 220 3283 67.
235 3209 275 3278 ini
283 3211 308 3263 ii
316 3213 402 3278 ,ronti
414 3211 481 3270 rimu
492 3217 570 3270 sirim
585 3219 642 3268 lio·
692 3235 743 3289 que
753 3217 854 3269 fontem
864 3228 937 3267 tuum
946 3213 1029 3266 habes
1039 3225 1065 3264 et
1077 3215 1187 3266 scaturi-

144 3293 309 3362 mer.-69.
333 3293 381 3342 rite
402 3291 500 3344 undam
521 3292 641 3359 sustulit,
690 3299 778 3368 ginem
795 3314 826 3347 ex
844 3307 923 3347 terre.
943 3293 989 3344 Est
1006 3293 1187 3345 enimfonsot

144 3373 325 3438 manuslevit,
340 3385 466 3443 tanquam
476 3385 640 3444 precaturus.
691 3389 772 3446 eaput
790 3373 907 3427 amnium
925 3373 1000 3426 sedes
1017 3371 1185 3434 Fluviorum3

144 3453 217 3504 Nihil
228 3452 406 3523 aliud—71.
421 3472 504 3526 penus
520 3454 641 3506 amnibus
691 3455 762 3506 conf.
780 3452 815 3505 ad
830 3452 877 3504 Ge.
899 3452 948 3516 lV,
968 3451 1027 3518 319.
1043 3477 1077 3486 -
1089 3449 1130 3516 75.
1153 3449 1189 3502 ed

145 3533 215 3584 uude
226 3543 279 3584 est.-
293 3546 422 3602 quatenus
437 3531 564 3605 Nymphae
578 3535 641 3584 ion·
688 3535 801 3586 sormam
809 3532 903 3604 Odyss.
915 3547 944 3593 λ,
953 3531 1003 3583 238
1013 3541 1127 3582 structus
1136 3545 1188 3592 est:

144 3613 211 3662 tium
223 3625 285 3662 sunt
296 3611 359 3664 dee.
371 3613 444 3666 Alios
457 3625 542 3684 poetae
555 3613 640 3677 aliter,
689 3613 736 3664 ubi
754 3615 871 3684 Enipeus
892 3608 1055 3662 Thessaliae:
1079 3606 1101 3664 t,
1123 3615 1191 3663 nond

145 3702 175 3742 ut
186 3689 314 3762 Nympho
326 3692 378 3741 siut
391 3689 539 3742 duriorum.
553 3719 587 3728 -
597 3689 639 3759 73.
689 3690 810 3746 aimanos
826 3688 938 3754 nuruuu‘r
951 3684 990 3737 inl
1002 3683 1074 3752 peius
1088 3685 1142 3736 iter.
1153 3717 1189 3728 -

144 3781 228 3822 arcete
236 3767 357 3842 periclis,
375 3770 502 3836 liberate,
515 3769 593 3822 finem
605 3770 642 3821 la·
691 3789 732 3842 77.
744 3771 890 3822 fluviorum
901 3765 980 3817 itatiae
991 3764 1124 3834 princeps.
1136 3765 1191 3816 'Eo-

144 3849 240 3901 borum
252 3849 432 3918 facite—74.
446 3849 579 3920 Expressit
588 3847 643 3900 Ste-
689 3849 777 3919 mpiiu
791 3849 881 3917 spiren,
893 3838 1019 3912 ‘Emipruu
1032 3871 1066 3880 —
1079 3844 1119 3911 78.
1138 3863 1189 3896 nu-

146 3930 199 3980 tius
211 3929 246 3978 lV
257 3927 341 3980 Theb.
356 3928 406 3982 832
424 3945 582 4000 quacunque
595 3927 643 3980 do·
690 3929 775 3992 mina,
786 3927 900 3989 scilieet,
914 3937 972 3974 tuos
982 3922 1096 3972 monitus
1107 3921 1188 3974 modo

145 4027 189 4060 mo
205 4005 294 4079 qelida
310 4027 355 4061 ora
374 4006 536 4060 resolvitete.
553 4006 641 4073 lacus,
690 4025 738 4078 per
747 4023 867 4058 somnum
880 4001 945 4056 milri
957 4001 1041 4054 datos.
1053 4000 1186 4054 rideVar.

146 4089 186 4142 uti
197 4105 222 4140 v.
236 4087 283 4156 66,
295 4105 345 4160 pro
357 4089 416 4161 ipso
428 4105 521 4144 omne:
533 4087 644 4142 ubicun-
689 4087 839 4140 Lectiones.
