3022 4682
481 433 716 500 AENEIDOS
740 433 893 500 LIBER
917 433 978 500 vt.
1191 439 1251 526 189

211 557 374 624 Mittimur
385 557 547 649 Elysium,
562 573 594 624 et
606 561 702 647 pauci
715 559 789 624 laeta
800 581 875 623 arva
889 576 1054 639 tenemus;

210 669 324 730 Donec
337 665 434 754 ionga
447 664 531 746 dies,
545 668 695 754 perfecto
708 666 865 754 temporis
879 665 973 744 orbe,
1208 680 1252 744 745

210 773 405 836 Concretam
418 773 538 836 exemit
549 772 672 852 labem,
685 793 875 860 purumque
888 770 1021 860 reliquit

210 875 392 996 AEthet'prm
405 901 552 959 sensum,
566 896 665 968 atque
677 878 767 942 aurei
780 877 936 964 simplicis
949 877 1069 964 ignem.

209 1061 260 1090 rum
274 1047 381 1107 purgatio
391 1047 415 1091 in
424 1047 502 1112 Elysio
510 1045 653 1100 absolvitur3
665 1043 729 1108 qnod
738 1041 935 1096 omninoffnoturn
948 1055 982 1090 est
994 1055 1017 1089 et
1029 1043 1138 1090 insolens.
1151 1046 1221 1103 Nam,
1234 1049 1253 1094 si

209 1129 252 1160 vas.
270 1115 322 1177 743.
336 1116 381 1178 744
391 1119 438 1179 jam
455 1130 547 1180 peracta
563 1117 701 1178 purgatione
719 1117 744 1160 in
755 1114 856 1177 Elysium
867 1117 939 1159 misae
951 1126 1004 1159 sunt
1021 1117 1117 1180 anime,
1134 1119 1252 1178 quomodo

208 1189 292 1233 iterum
304 1205 325 1232 ιι.
338 1187 381 1249 745
392 1191 458 1252 sequi
471 1201 547 1251 petest
557 1204 562 1233 :
573 1187 649 1233 Donec
660 1186 725 1250 longo
734 1187 781 1231 dies
791 1198 835 1232 etc.
846 1185 891 1230 boc
901 1197 947 1238 est,
955 1185 1032 1230 donec
1041 1199 1143 1248 purgate
1151 1188 1253 1234 fuerint?

209 1257 289 1318 ltaque
297 1260 408 1320 suspicari
418 1257 473 1304 lieet
483 1272 561 1304 versut
573 1271 622 1303 esse
633 1259 795 1320 transpositum
805 1267 828 1301 et
837 1254 990 1300 retrahendos
1001 1270 1042 1300 ιιι.
1054 1255 1098 1316 745
1108 1282 1138 1292 -
1146 1256 1189 1319 747
1199 1270 1253 1304 ante

210 1327 267 1388 743,
280 1339 305 1372 ιιι
314 1346 331 1390 ³,
340 1329 438 1390 Virgilio
452 1343 531 1376 versut
542 1329 587 1374 boc
598 1328 681 1373 ordine
690 1327 789 1390 proiecti
798 1329 844 1372 sitit
855 1334 912 1371 :out
919 1327 1024 1370 emititur
1032 1329 1091 1389 iqui:
1103 1329 1179 1374 Donec
1189 1327 1254 1394 longo

209 1398 256 1442 eires
266 1398 365 1462 peffecto
377 1403 480 1462 temporis
491 1399 544 1446 orbe
558 1400 690 1445 cometam
699 1401 782 1444 excutit
796 1396 879 1452 hiem,
889 1411 1016 1460 putumque
1029 1395 1118 1460 teignis
1128 1397 1254 1444 AEtirerium

209 1484 298 1514 seruum
310 1479 376 1534 angue
384 1476 450 1516 aurai
457 1469 562 1533 simplicis
572 1474 650 1534 ignem.
663 1469 763 1533 Quisque
770 1483 823 1514 suos
831 1471 931 1531 potimur
941 1469 1029 1513 diones.
1042 1469 1255 1530 Transpositionem

209 1556 303 1603 quoque
313 1541 403 1587 admisit
414 1555 437 1588 ct
446 1545 535 1604 recepit
549 1541 629 1587 Editor
640 1543 776 1586 Parmensis.
789 1539 955 1586 Difficultatent
964 1541 988 1584 in
996 1542 1101 1586 oratione
1111 1555 1186 1602 poete:
1196 1541 1254 1586 vidit

209 1627 304 1675 quoque
316 1613 462 1660 doctissimus
478 1616 598 1668 Jortinus3
610 1613 652 1659 ted
667 1614 703 1658 vir
715 1611 845 1675 expediisse
862 1611 937 1657 videri
946 1624 1022 1672 potest
1033 1627 1086 1674 pag.
1105 1611 1149 1656 266
1162 1627 1212 1676 sqq.
1226 1613 1253 1658 Ιιι

209 1683 281 1742 ipsant
291 1695 367 1727 autem
377 1683 544 1746 transponendi
562 1686 674 1728 rationem
684 1683 793 1728 incidisse
803 1696 899 1744 quoque
908 1682 1036 1744 Trappimn
1047 1697 1109 1728 nunc
1119 1682 1253 1744 depreben-

209 1751 253 1806 do;
263 1763 288 1796 ut
300 1763 377 1798 tamen
390 1767 433 1799 nee
447 1753 548 1808 efficiat,
560 1756 585 1799 in
602 1769 650 1816 quo
662 1752 810 1799 conficiendo
826 1751 925 1798 laborat.
938 1754 1073 1808 Enimvero,
1086 1767 1133 1814 quo
1151 1755 1253 1799 curatius

207 1821 270 1867 bunc
283 1822 360 1868 iocum
371 1827 484 1886 inspicio,
497 1841 526 1870 eo
537 1827 682 1871 manifestius
696 1824 754 1870 mibi
773 1825 813 1880 iit,
826 1839 905 1870 versus
922 1839 971 1870 este
990 1840 1031 1870 teu
1042 1841 1054 1869 a
1067 1836 1135 1886 poeta
1147 1825 1252 1870 nondum

208 1891 321 1954 expolitos
332 1909 376 1940 nee
392 1896 417 1939 in
433 1911 499 1940 auum
516 1911 640 1942 numerum
653 1907 676 1940 et
692 1895 799 1940 ordinem
812 1894 933 1949 redactos,
949 1909 1005 1949 teu,
1018 1893 1082 1957 quod
1095 1893 1168 1940 inuito
1181 1897 1253 1956 magia

207 1961 336 2023 probabile,
344 1966 503 2026 supposititios
511 1979 534 2011 et
542 1981 555 2011 e
563 1967 667 2026 margine
675 1963 752 2010 illatos
762 1963 815 2025 743.
827 1963 870 2024 744
883 1965 982 2027 Quisque
991 1979 1044 2010 suos
1049 1967 1149 2026 poninus·
1158 1965 1251 2009 Mones:

206 2033 287 2076 exinde
294 2049 336 2095 per
344 2033 444 2097 ompium
452 2037 566 2082 Mittimur
572 2039 592 2080 E
596 2035 684 2094 ζιίίιιιιι,
694 2045 716 2081 et
724 2039 794 2097 pauci
803 2034 853 2080 beto
865 2051 920 2082 arvo
929 2044 1035 2080 terremus.
1048 2036 1104 2080 Nam
1115 2038 1190 2097 primo
1199 2051 1253 2082 sen·

208 2104 302 2148 teutiatu
313 2103 462 2165 interpellant
473 2119 496 2150 ct
503 2106 626 2168 jugalium
638 2119 687 2150 tutu
698 2121 790 2151 sentum
800 2105 911 2150 idoneum
924 2120 972 2150 non
983 2104 1070 2151 babent
1079 2121 1085 2159 ;
1093 2107 1163 2150 tertio
1172 2121 1184 2151 a
1194 2121 1253 2167 poe-

210 2183 237 2216 tae
248 2186 324 2219 mente
335 2187 388 2220 sunt
400 2174 487 2221 alieni:
499 2179 518 2222 si
532 2179 580 2238 jam
591 2189 644 2222 ante
655 2189 757 2238 purgate
769 2187 849 2230 erant,
861 2190 1012 2238 purgatarque
1025 2178 1149 2221 mittuntur
1161 2178 1185 2220 in
1195 2175 1252 2240 Ety-

209 2246 399 2307 sinm,quortum
410 2249 433 2292 iu
451 2247 495 2292 hoc
507 2247 585 2312 Elysio
596 2261 687 2310 tempus
703 2247 798 2308 iougutu
815 2249 909 2308 exigunt
921 2250 1015 2301 animae,
1028 2260 1053 2292 ut
1065 2247 1252 2308 purgenturiiie

209 2315 261 2360 loco
275 2320 418 2376 purgationis
433 2320 457 2363 in
469 2319 550 2364 inferis
568 2318 625 2363 nihii
639 2331 706 2380 poeta
719 2320 824 2374 monuit,
838 2333 882 2363 nee
895 2330 970 2363 tamen
983 2318 1037 2364 inde
1050 2321 1074 2364 in
1087 2317 1199 2382 Elysium,
1212 2319 1253 2364 ted

208 2385 238 2430 ad
250 2386 339 2432 Lethen
351 2389 438 2434 anim'as
447 2391 507 2434 mitti
518 2390 567 2451 ipse
577 2389 700 2450 profitetur
710 2407 730 2434 ι.
742 2388 794 2450 748.
804 2390 851 2434 Nee
859 2391 933 2450 attigit
945 2399 1013 2450 poeta
1023 2386 1122 2434 aiterum
1132 2387 1191 2434 illud
1203 2387 1252 2450 piti-

208 2455 340 2520 iotophema
348 2495 353 2514 ,
362 2475 410 2522 quo
420 2463 552 2522 migrationi
563 2463 691 2507 animarum
705 2461 757 2506 finis
765 2461 858 2506 tandem
867 2463 897 2505 ita
905 2463 1027 2516 statuitur,
1038 2472 1063 2505 ut
1075 2475 1122 2515 ete,
1135 2476 1187 2523 quae
1199 2471 1252 2522 pest

208 2526 287 2589 plures
297 2531 444 2592 migrationes
456 2545 479 2578 et
491 2535 640 2594 purgationes
654 2532 780 2594 periet-tam
795 2535 920 2594 puritatem
935 2541 1084 2594 consequuta·
1098 2531 1197 2587 fuerint,
1212 2543 1253 2578 aut

206 2596 283 2662 Elysio
295 2613 335 2645 aut
346 2600 447 2665 Olympo
459 2605 605 2665 assignentur
619 2605 643 2648 in
656 2615 805 2666 perpetuum.
823 2603 950 2665 Antiquom
966 2614 1043 2647 tamen
1062 2598 1174 2646 emblema
1187 2617 1251 2658 esse,

204 2669 299 2715 Ausonii
310 2683 406 2717 testatur
424 2672 501 2727 iocus,
514 2690 561 2736 quo
571 2673 595 2720 b.
608 2673 624 2720 Ι.
635 2673 765 2720 aemuiatur.
775 2699 805 2708 -
816 2671 868 2735 746.
882 2671 955 2718 tabem
971 2673 1050 2727 Rom,
1062 2687 1106 2716 nec
1121 2669 1165 2718 boc
1182 2672 1249 2718 male.

205 2739 310 2805 rebirqut't
321 2743 401 2805 fragm.
413 2746 486 2792 Vatic.
498 2747 583 2792 Medic.
597 2763 649 2792 eunt
662 2747 720 2793 aliia.
730 2771 761 2781 -
769 2745 822 2808 747.
832 2761 896 2791 oure
905 2761 985 2792 omnes
998 2746 1046 2791 iere
1057 2744 1125 2790 codd.
1139 2745 1216 2792 licina.
1228 2760 1251 2792 et

204 2811 265 2857 Pier.
279 2826 301 2859 et
310 2815 391 2878 fragm.
403 2817 478 2863 Vatic.
489 2817 535 2864 Sed
545 2817 623 2864 Valet.
632 2817 721 2864 Probus
729 2819 790 2863 inter
799 2829 901 2880 quatuor
908 2815 972 2863 locos
982 2815 1064 2872 refert,
1075 2816 1099 2860 itt
1111 2815 1196 2877 quibua
1208 2833 1252 2862 an-

206 2957 254 3016 tit3
266 2974 326 3008 nam
340 2957 417 3008 niinm
431 2959 561 3029 pinneille
573 2962 703 3012 rationem
751 2959 840 3032 Elysio
858 2959 900 3023 iit,
922 2970 967 3011 aut
978 2956 1104 3008 inchoata
1117 2969 1178 3008 onte
1191 2975 1252 3027 pur·

206 3035 279 3084 iniit:
293 3037 392 3086 Anima·
408 3039 525 3090 violenta
543 3053 627 3091 morte
649 3043 704 3090 vita
752 3042 824 3110 gatio
838 3041 984 3091 animarum
998 3039 1025 3089 in
1038 3037 1125 3108 Elysio
1138 3037 1252 3089 obsolvi-

206 3113 319 3184 ettpttittae
339 3133 381 3184 ap.
404 3114 539 3169 Plutonem
557 3117 590 3169 de
608 3119 704 3186 injurio
754 3130 809 3180 tur3
831 3118 878 3170 sed
901 3137 925 3168 v.
947 3119 1009 3168 Ver.
1035 3117 1106 3166 Lect.
1132 3115 1166 3167 ad
1188 3118 1249 3186 743.

207 3206 421 3264 conqueruntur3
442 3209 496 3245 tum
515 3195 565 3246 iiiae
586 3215 640 3247 una
656 3199 704 3246 Fu·
751 3197 866 3266 perfecto
884 3196 1005 3268 temporis
1017 3196 1093 3259 orbe,
1114 3194 1250 3248 definitum

206 3275 304 3325 riarum
318 3275 414 3325 comite
427 3273 518 3326 addita
534 3274 659 3338 redeunt,
676 3287 704 3326 ut
752 3289 813 3344 post
837 3290 954 3347 tempus,
974 3275 1000 3326 h.
1021 3295 1044 3325 e.
1064 3274 1135 3326 m'ilie
1157 3294 1248 3328 annos.

207 3373 222 3408 n
238 3355 358 3406 sontibus
371 3371 463 3426 poenas
476 3368 615 3426 expetant:
632 3355 705 3425 Quis·
750 3372 849 3424 punem
859 3354 994 3405 aetherium
1004 3371 1124 3417 sensum,
1137 3369 1251 3408 mentem

208 3451 259 3507 que
270 3445 420 3487 suessonice
431 3434 704 3506 inimicaquepeetora
753 3432 825 3484 illam
838 3432 849 3503 (
860 3453 944 3486 sensns
964 3451 1013 3504 pro
1034 3436 1206 3504 perceptione
1225 3449 1252 3489 ct

206 3513 442 3584 potnitlmpiicut,·
466 3524 492 3566 et
513 3513 585 3564 varia
602 3513 704 3566 meritos
752 3510 1120 3582 judicioanimietbincpto
1138 3516 1251 3588 animo)

201 3591 706 3663 formidinepuisont.-7iti.perEly-
754 3609 785 3642 ex
809 3588 905 3640 retbere
930 3589 1088 3656 deductam,
1115 3609 1250 3664 quumque

206 3671 289 3738 sium,
311 3671 337 3722 h.
352 3691 374 3724 e.
396 3671 437 3722 nd.
458 3672 523 3738 Atii,
545 3685 571 3724 ct
593 3673 630 3724 sie
650 3674 704 3742 jem
753 3669 823 3722 idern
840 3669 921 3720 uther
937 3671 971 3720 eit
987 3671 1054 3741 ignis
1072 3673 1249 3742 purissimus,

206 3751 306 3815 Cerdo,
325 3749 489 3822 distinguunt
508 3749 566 3802 ioetn
585 3771 648 3802 arva
669 3751 703 3803 ab
753 3750 909 3821 explicetive
930 3751 1053 3820 subjicit:
1076 3764 1154 3824 utque
1172 3759 1251 3809 aurai

207 3829 367 3902 Elysi05tted
379 3829 702 3901 perpetttousuloquendi
751 3829 877 3900 simplicis
898 3831 992 3902 iguem
1017 3833 1055 3884 De
1079 3836 1132 3906 igni
1156 3857 1248 3890 auram

207 3909 240 3960 de
262 3909 355 3962 eodem
379 3908 439 3960 loco
463 3909 518 3960 brec
538 3909 609 3961 dicta
629 3913 703 3962 inve·
751 3910 860 3980 proprie
882 3908 949 3975 dici,
965 3923 994 3962 ut
1017 3911 1050 3963 de
1072 3913 1142 3979 luce,
1167 3935 1249 3988 supra

207 3991 324 4041 niuntur.
338 3991 430 4060 ltaque
444 4007 493 4039 nec
505 3989 609 4038 Jortino
627 4009 703 4041 acce·
752 3987 874 4039 vidimus.
890 3989 982 4060 ltaque
996 3993 1083 4043 anime
1095 3995 1201 4047 tandem
1214 3997 1248 4049 ad

207 4069 269 4121 dere
282 4085 389 4139 possum
400 4087 426 4139 p.
442 4068 490 4119 262
504 4085 543 4138 sq.
751 4069 889 4140 pristinum
898 4073 1040 4142 puritatem
1050 4074 1188 4130 ethereum
1198 4095 1251 4130 res·

241 4151 334 4218 745-
346 4150 404 4219 747.
423 4151 505 4220 igitur
524 4160 569 4201 aut
588 4167 657 4201 nova
676 4151 702 4202 in
752 4151 862 4202 tituitur.
