3022 4682
274 413 334 483 190
521 395 555 456 Ρ.
580 392 812 457 vruemrr
836 393 1067 461 rrauoms

269 521 336 583 Has
349 517 472 595 omnia,
486 515 543 581 ubi
555 517 646 582 mille
660 533 766 582 rotam
779 518 912 583 volvere
923 537 1113 607 perennes,

267 624 438 690 Lethaeum
450 621 492 688 acl
504 623 642 688 fluvium
656 622 737 690 deus
751 641 865 690 evocat
876 627 1007 713 agmine
1020 648 1160 713 magn03

266 732 396 798 Scilicet
408 733 619 796 immemores
632 754 752 819 supera
765 748 801 794 ut
813 754 958 796 convexa
970 733 1126 811 revisant,

267 841 391 902 Rursus
404 855 437 902 et
449 837 607 925 incipiant
619 838 653 900 in
667 860 807 924 corpora
819 837 903 901 velle
917 838 1048 902 reverti.
1061 867 1074 896 u

1269 747 1318 808 7⁵⁰

266 1003 329 1064 tique
339 999 378 1046 illa
389 1000 462 1045 forma
476 996 575 1061 Virgilio
586 997 708 1060 placuerit.
720 1000 780 1062 iqnes
788 997 858 1044 Goth.
867 998 1017 1060 tert-748.
1028 1001 1188 1060 mtosMeuag.
1198 1013 1234 1060 pr.
1242 1006 1316 1044 rutum

264 1069 364 1116 euoluere
372 1069 518 1116 Perrhae-lo.
526 1069 647 1114 Schrader.
659 1069 721 1130 conj.
732 1077 795 1122 mtae,
804 1081 829 1117 ut
840 1070 886 1114 sint
894 1081 1017 1114 tormenta.
1025 1089 1046 1116 v.
1056 1073 1140 1115 blot.—
1149 1069 1201 1132 759·
1209 1067 1317 1116 Letlteum

265 1143 344 1196 llum,
357 1140 404 1186 vid.
419 1157 471 1202 sup.
485 1140 515 1185 ad
526 1157 548 1186 r.
560 1141 612 1201 7⁰5.
620 1141 709 1200 flumen
722 1139 770 1184 duo
782 1141 860 1184 Burin.
872 1165 903 1174 -
916 1140 969 1201 750.
979 1156 1086 1203 superum
1099 1140 1136 1187 ed.
1148 1143 1206 1186 Ven.
1219 1153 1240 1185 et
1251 1141 1314 1184 Dor-

264 1209 326 1264 vill„
339 1225 367 1254 eo
379 1209 487 1256 alludunt
504 1208 595 1272 aliquot
607 1210 668 1256 Pier.
686 1224 768 1271 supera
779 1212 801 1252 in
812 1225 832 1254 c.
848 1210 995 1271 interpungit
1010 1209 1139 1256 Wakefield
1151 1227 1156 1256 :
1166 1211 1221 1256 deus
1237 1216 1316 1255 euocat

264 1283 353 1344 oqmine
365 1293 444 1343 nmque
456 1277 545 1324 Scilicet
552 1297 560 1334 ,·
572 1280 599 1326 Et
611 1296 665 1326 mox
677 1288 702 1324 ut
711 1295 810 1324 convexo
821 1281 919 1325 revisunt
929 1281 1029 1334 Rursus,
1041 1283 1088 1324 eti.
1101 1281 1126 1324 lu
1138 1277 1212 1344 eltero
1225 1277 1270 1324 boc
1279 1292 1316 1323 at·

265 1354 360 1398 sentior.
369 1376 400 1386 -
413 1365 465 1412 7³¹·
479 1354 587 1413 incipiunt
599 1352 637 1398 ed.
649 1353 708 1398 Ven.
721 1355 826 1414 incipient
841 1353 917 1398 Lutat.
929 1353 1025 1398 adstat.
1038 1353 1079 1396 Vll
1089 1351 1162 1398 Theb.
1173 1367 1211 1412 9²·

299 1477 350 1546 748
361 1506 395 1515 -
408 1477 466 1546 751.
482 1477 526 1526 ubi
533 1473 608 1526 mille
619 1487 701 1526 rotam
713 1473 765 1526 vol·
814 1477 883 1524 tertii
892 1473 989 1531 virum
1000 1474 1045 1546 (h.
1059 1495 1081 1527 e.
1095 1477 1180 1536 κακοῦ,
1194 1472 1264 1526 idern
1275 1485 1315 1526 est

264 1575 321 1608 uere
331 1575 380 1628 per
399 1576 488 1608 annos.
507 1557 546 1608 De
565 1574 642 1608 sensu
660 1567 764 1606 constat
814 1565 885 1606 uetus
908 1555 1009 1606 malum
1032 1558 1167 1620 Maronis,
1190 1572 1314 1626 corporea

264 1656 294 1688 ex
312 1655 335 1687 v.
357 1635 407 1705 745
424 1635 540 1706 perfecto
555 1635 676 1704 temporis
694 1633 762 1684 orbe.

262 1715 352 1768 Verba
363 1734 395 1767 eu
409 1715 511 1786 vulgari
523 1715 625 1766 cutione
638 1715 675 1764 sic
688 1731 764 1764 cous·

262 1798 441 1848 tituerentur:
467 1795 513 1845 nbi
537 1793 608 1844 mille
633 1812 763 1844 annorum

263 1891 321 1929 rota
331 1875 472 1939 voluta‚h.
487 1895 509 1926 e.
530 1877 705 1925 circumactus
719 1893 763 1924 or-

261 1959 303 2010 bis
323 1971 370 2012 est.
384 1958 477 2008 llotam
493 1955 558 2006 dixit
571 1954 692 2006 absolute
712 1971 762 2025 pro

262 2039 348 2103 orbis,
371 2034 458 2090 κύκλος.
481 2035 617 2085 Annorum
639 2031 764 2084 volubili-

263 2131 341 2170 tatem
368 2120 558 2187 interpretntur
587 2115 706 2181 Servius,
736 2126 762 2166 et

261 2199 411 2250 Ennianum
423 2215 480 2250 esse
493 2208 592 2247 mouet.
608 2193 708 2246 volvere
721 2213 762 2244 ro-

261 2289 328 2343 tam,
338 2292 393 2343 est,
402 2291 545 2348 exegerunt
556 2279 648 2328 anima
657 2289 760 2346 tempus

262 2361 288 2410 in
298 2360 388 2410 orbern
398 2358 511 2409 rediens.
521 2359 581 2408 Non
591 2359 676 2408 minus
685 2375 761 2408 orna·

263 2452 289 2490 te
297 2441 324 2489 in
333 2438 443 2489 similem
453 2437 560 2488 modum
570 2436 625 2486 Cir.
637 2437 664 2485 in
671 2433 759 2486 Somn.

261 2515 762 2587 Scip.2quumoetustuaseptenosoctier

260 2595 321 2648 solis
339 2595 475 2663 anfractus
494 2595 641 2665 reditusque
658 2611 761 2644 conver·

263 2675 329 2726 terit.
347 2671 424 2724 Mille
440 2693 521 2726 annos
534 2691 549 2724 a
562 2673 670 2723 Platone
690 2691 760 2722 surn-

261 2756 294 2805 sit
307 2753 339 2806 de
355 2755 419 2824 Ilep.
433 2753 470 2817 X,
484 2773 509 2824 p.
524 2753 570 2822 761
586 2753 633 2802 Ed.
647 2753 701 2802 Frf.
711 2792 719 2815 ‚
731 2771 759 2823 p.

260 2833 312 2886 615
326 2834 356 2883 Λ.
371 2832 413 2884 etl.
426 2831 515 2902 Steph.
529 2833 575 2884 ubi
588 2833 669 2900 treptia
687 2847 761 2896 χιλιε-

259 2907 299 2968 tls
320 2914 466 2964 animarum
489 2913 647 2981 injustarum
669 2911 760 2963 subter

262 3006 374 3058 terram,
387 2993 463 3062 quasi
476 2993 502 3042 in
515 3011 621 3063 potinam
635 2991 757 3062 decupli;

260 3076 288 3126 it.
302 3077 329 3126 in
343 3073 452 3126 Pbaedro
467 3093 494 3144 p.
511 3073 620 3128 12231).
635 3074 664 3123 ln
678 3071 759 3124 lustra

261 3173 345 3206 annos
372 3156 483 3204 mutavit
507 3152 584 3204 Silius
608 3154 681 3216 xlii,
708 3153 758 3206 558

260 3237 318 3287 Hac
327 3232 446 3302 (decima
457 3235 549 3305 porta)
560 3233 657 3284 anime
666 3231 758 3284 culum

259 3326 433 3388 repetunt,nc
442 3311 516 3366 mille
524 3314 651 3385 peractis,
666 3312 759 3366 Oblitoe

259 3396 364 3460 Ditem,
381 3397 490 3448 redeunt
502 3394 529 3446 in
541 3411 649 3466 corpora
665 3392 756 3446 lustris.

257 3475 375 3528 Omnino
394 3474 479 3526 multo
497 3473 591 3528 soecula
603 3477 758 3526 nremorevit

258 3555 313 3607 Cic.
326 3558 353 3608 in
362 3555 451 3608 Somn.
463 3555 533 3625 Scip.
545 3553 756 3624 subf.locojan1

259 3635 372 3687 aCerda
385 3638 506 3687 excitato.
522 3635 651 3686 Pindarus
665 3649 765 3686 novem·

257 3733 340 3766 unitos
355 3714 459 3766 linierat
476 3717 501 3766 in
515 3714 643 3784 preclaro
661 3715 755 3784 fragm.

260 3811 301 3862 ap.
323 3792 458 3844 Platonem
477 3793 584 3844 Menon.
605 3813 631 3864 p.
653 3794 703 3859 415
726 3795 753 3844 Β.

258 3871 311 3922 Fri.
325 3871 445 3922 Animam
461 3872 497 3922 ait
509 3891 561 3924 uon
574 3874 694 3936 interire,
708 3871 754 3924 sed

257 3963 359 4001 tantum
370 3951 437 4000 mori
448 3969 479 4001 ac
487 3953 654 4014 reviviscere3
664 3965 754 4004 sancte

258 4033 347 4100 itaque
365 4047 420 4080 esse
438 4029 596 4082 vivendum:
610 4028 653 4082 οἷσι
668 4027 714 4098 peip
727 4029 754 4085 air

256 4109 303 4180 (b.
321 4129 344 4162 e.
358 4107 399 4176 ἐφ’
414 4101 463 4180 ab)
476 4109 604 4179 eucrotia
614 4108 693 4166 nutrit
706 4131 757 4164 nrt·

810 1636 889 1706 pestis
899 1653 959 1700 seu,
973 1635 1080 1688 morbus
1091 1635 1101 1706 )
1114 1634 1207 1702 differto
1214 1673 1222 1698 ,
1236 1634 1265 1690 tit
1274 1631 1314 1686 nir

812 1714 912 1781 ὑπιρθιι
921 1713 983 1766 titur
996 1715 1048 1786 (ad
1059 1736 1164 1788 superas
1175 1733 1268 1778 auras,
1278 1714 1315 1766 ad

812 1794 918 1860 colum,
930 1795 956 1846 b.
970 1817 992 1848 e.
1006 1799 1033 1848 in
1043 1799 1122 1848 ritum
1132 1799 1143 1868 )
1153 1799 1227 1849 aeirus
1240 1793 1313 1860 inim

812 1873 856 1925 i‘ru
880 1875 972 1927 detriti
989 1871 1070 1941 ψυχᾶν
1089 1874 1250 1928 nium-in
1269 1874 1314 1927 riv

811 1954 918 2014 sturmin
940 1955 1028 2020 :ipsud
1052 1954 1091 2005 eei
1112 1953 1189 2008 obitu
1208 1952 1313 2024 aperanti

812 2035 883 2100 σοφίᾳ
899 2054 923 2084 ne
934 2031 1042 2100 pipinus
1058 2035 1135 2103 aitdpu
1153 2035 1273 2102 αὔξονται·
1290 2033 1313 2088 ie

811 2109 836 2164 di
852 2110 889 2164 uir
908 2112 985 2165 lorriz
1000 2113 1076 2181 χρίων
1093 2113 1158 2182 ripert
1175 2113 1240 2180 tyrol
1252 2111 1313 2182 ‘reple

812 2192 942 2262 diepam
950 2193 1082 2248 nentium.
1090 2193 1161 2246 idern
1171 2195 1197 2244 in
1205 2194 1311 2266 Olymp.

810 2277 850 2339 11,
868 2275 914 2326 123
927 2293 986 2340 eos,
1007 2276 1052 2345 qui
1064 2276 1145 2326 vitem
1161 2288 1201 2326 ter
1213 2277 1314 2346 exegis-

811 2355 933 2421 semeio,
946 2367 974 2404 ut
983 2355 1113 2424 justitiam
1126 2353 1257 2417 colerent,
1276 2353 1313 2406 ad

810 2435 916 2485 Beatam
936 2435 1050 2486 insulam
1070 2433 1168 2485 deferri
1187 2453 1313 2486 narruve·

810 2526 859 2564 rat.
874 2515 925 2564 Ter
935 2512 1009 2564 mille
1019 2517 1094 2566 annis
1105 2516 1243 2566 circuitum
1257 2516 1312 2565 eni·

810 2611 912 2643 marum
934 2593 990 2643 fleri
1011 2611 1058 2663 per
1080 2593 1233 2644 animalium
1253 2611 1313 2644 cor·

810 2689 893 2742 pora,
906 2685 1054 2724 statuerant
1065 2673 1176 2744 AEgyptii
1188 2691 1217 2724 ex
1226 2673 1311 2724 Hero-

810 2751 866 2803 doti
878 2751 929 2804 frde
941 2752 988 2804 lib.
1001 2754 1038 2816 11,
1055 2753 1116 2816 123,
1135 2753 1207 2824 quod
1220 2767 1310 2805 tamen

810 2832 907 2904 dogma
920 2845 1022 2883 tentum
1034 2831 1067 2884 ad
1076 2836 1177 2884 animas
1187 2846 1308 2904 spectare

808 2914 912 2984 potuit,
930 2914 1074 2966 sceleribus
1092 2915 1205 2966 novitiis
1224 2915 1313 2984 inqui·

809 3007 885 3048 netas
904 3006 928 3046 et
943 2997 1145 3046 contaminatas.
1167 2995 1223 3046 Nec
1244 3011 1310 3046 sano

808 3075 894 3145 potuit
906 3077 932 3124 in
944 3073 1039 3148 mythis
1048 3074 1088 3126 bis
1098 3075 1152 3126 ulla
1163 3093 1219 3126 esse
1233 3091 1309 3125 cons-

808 3156 892 3208 tantin
910 3177 915 3205 :
936 3173 951 3206 e
970 3174 998 3207 re
1017 3169 1080 3207 nata
1098 3153 1214 3226 lingebat
1226 3172 1310 3204 unus·

809 3236 921 3306 quisque
956 3249 1142 3288 consentanea.
1184 3233 1309 3286 Ceterum

809 3318 877 3368 inter
888 3316 944 3369 haec
958 3319 1107 3370 meminisse
1118 3318 1208 3384 jurat,
1227 3335 1308 3388 quam

807 3397 875 3450 bene
893 3399 919 3448 in
933 3397 1065 3450 Messiadc
1080 3398 1228 3448 animarum
1238 3398 1307 3468 jarn-

804 3478 860 3544 jem
878 3479 904 3528 in
920 3479 1000 3528 vitam
1018 3475 1216 3546 proditurarurn
1234 3493 1307 3540 sore,

805 3556 897 3620 sedes,
918 3557 1003 3618 facta,
1023 3553 1095 3606 dicta
1116 3553 1150 3608 ad
1169 3557 1307 3627 puriorem

806 3635 838 3685 de
852 3637 941 3686 anima
954 3633 1072 3686 humana
1091 3636 1248 3705 sapientiam
1265 3645 1306 3686 at-

806 3724 953 3783 temperate
965 3715 1017 3766 siut
1027 3715 1076 3766 sub
1089 3715 1132 3766 lin.
1144 3715 1191 3767 tib,
1202 3716 1247 3766 let
1258 3713 1304 3777 al,

804 3805 832 3842 ut
845 3793 912 3842 Vlll.
926 3822 961 3830 —
972 3793 1030 3862 749.
1044 3795 1113 3846 Deus
1131 3802 1234 3858 evocat,
1249 3811 1304 3844 non

803 3871 847 3924 bic
871 3872 904 3924 de
927 3874 1061 3926 Mercurio
1092 3876 1191 3944 agilum
1228 3871 1303 3944 quod

804 3966 899 4023 putant
909 3957 1012 4028 intpp,
1025 3955 1070 4006 sed
1081 3969 1120 4008 est
1130 3952 1139 4005 i
1150 3955 1251 4020 deluat,
1263 3956 1305 4006 in-

805 4032 919 4088 delinite.
933 4037 985 4088 vid.
999 4037 1073 4088 Plato
1086 4036 1118 4088 dc
1134 4037 1199 4106 llep.
1217 4036 1255 4100 X,
1273 4053 1301 4106 p.

805 4112 855 4181 70¹5
867 4112 895 4162 E.
