2996 4694
254 302 298 384 'o

501 297 536 362 P.
561 297 791 363 VIRGlLll
814 299 1043 368 MARONlS

252 424 358 502 Adsit,
374 437 406 487 et
418 422 555 486 evinctis
567 421 703 486 adtollat
714 421 847 488 brachia
860 425 986 512 palmis.
1002 455 1015 483 ι,

250 531 303 595 Sic
314 531 372 608 ait,
387 545 420 593 et
431 529 600 616 geminum
612 551 731 616 pugnae
744 530 900 616 proponit
912 529 1093 611 honorem;

1250 543 1294 591 365

249 635 374 700 Victori
388 635 531 698 velatum
543 657 624 698 auro
636 634 791 723 vittisque
801 635 1000 724 juvencum

247 744 383 819 Buram,
397 758 497 830 atque
510 740 672 826 insignem
685 741 825 826 galeam,
839 741 953 806 solatia
966 743 1064 806 victo.

247 851 316 913 Nec
328 869 435 926 mora3
448 847 607 911 continuo
620 847 718 910 vastis
731 869 807 910 eum
818 847 944 911 viribus
957 848 1056 912 effert

246 959 313 1023 Ora
325 959 441 1033 Dares,
456 975 644 1042 magnoque
655 955 764 1016 virum
776 977 810 1018 se
824 977 994 1019 murmure
1006 955 1110 1034 tollit3

246 1061 341 1132 solus
354 1065 412 1155 qui
426 1061 575 1126 Paridem
588 1063 704 1127 solitus
717 1061 919 1127 contendere
932 1079 1045 1127 eontra
1055 1088 1073 1158 ;Ι

1250 1075 1296 1138 3ςο

247 1171 409 1260 Idemque
421 1168 463 1232 ad
476 1169 656 1247 tumulum,
670 1191 738 1256 quo
751 1191 923 1234 maxumus
936 1169 1075 1234 occubat
1089 1171 1228 1248 Hector,

246 1309 337 1357 Fabrie.
350 1310 474 1370 animisque
482 1309 557 1368 Sprot.
568 1307 623 1352 Post
630 1321 730 1368 presens
741 1307 954 1369 interpungendum
963 1323 992 1353 ex
1001 1307 1127 1352 Burmanni
1137 1321 1233 1369 quoque
1241 1320 1296 1351 aen·

246 1383 327 1429 tentia.
347 1382 369 1424 si
386 1392 463 1423 tamen
472 1380 558 1439 jungar
568 1394 573 1422 :
584 1393 685 1440 presens
696 1378 779 1431 Adsit,
792 1390 818 1422 ut
830 1381 851 1421 si
865 1379 894 1424 tit
912 1381 1026 1440 optantis,
1042 1380 1131 1423 utinam
1144 1395 1148 1422 :
1161 1391 1205 1422 nec
1216 1375 1241 1421 id
1252 1379 1297 1421 im-

245 1464 348 1514 portune
360 1448 410 1494 lieri
422 1447 530 1503 videtur,
541 1449 624 1510 jejune
639 1461 725 1492 tamen.
737 1471 768 1480 —
781 1447 833 1492 365.
845 1450 955 1509 praeponit
968 1448 1057 1510 aliquot
1070 1465 1107 1510 ap.
1118 1449 1211 1501 burm,
1228 1446 1296 1492 male.

246 1548 279 1558 —
292 1521 344 1567 368.
357 1535 409 1564 cum
423 1535 513 1565 eratum
531 1521 556 1564 in
568 1518 666 1565 llorrill.
679 1519 749 1581 affert
759 1519 849 1578 llugen.
861 1519 930 1581 offert
941 1519 1038 1564 Oudart.
1052 1519 1112 1564 Vide
1123 1519 1193 1564 modo
1206 1535 1228 1564 v.
1242 1519 1294 1578 359.

246 1591 293 1638 Sed
304 1608 357 1645 orn,
367 1605 405 1645 se,
416 1589 494 1652 effert,
503 1591 584 1652 inpone
601 1593 645 1635 riri
659 1604 744 1651 corpur
759 1588 842 1634 melius
858 1589 960 1635 declarat
965 1607 972 1644 ;
989 1601 1111 1634 otmense
1125 1587 1188 1635 tollit.
1202 1613 1233 1624 -
1243 1589 1294 1648 369.

245 1681 270 1712 se
288 1679 379 1709 mernere
397 1672 410 1708 t.
423 1663 472 1707 bini
485 1661 554 1707 Goth.
565 1689 595 1697 -
610 1663 662 1724 370.
676 1661 797 1707 extendere
808 1661 1026 1724 Moneta-371.
1044 1661 1139 1708 accubat
1153 1660 1257 1706 Pari-hae.
1273 1674 1296 1705 et

247 1735 336 1798 aliquot
348 1735 409 1778 Pier.
420 1731 515 1778 occubat
526 1733 549 1778 la.
564 1731 580 1776 l.
594 1749 637 1795 pro
650 1733 734 1787 cubat,
746 1733 816 1793 jacet.

246 1861 287 1914 pr.
306 1853 332 1894 et
344 1841 479 1892 Theocrit.
493 1840 568 1912 ldyll.
586 1840 658 1890 XXII
679 1853 746 1890 trac·

245 1933 311 1972 tato.
325 1919 464 1989 Virgilium
477 1921 554 1972 unice
563 1920 682 1989 sequitur
690 1917 746 1969 Sta-

245 2002 299 2052 tius
320 1999 405 2052 Tlreb.
434 2000 482 2064 Vl,
506 1999 557 2068 ²l9
579 2017 638 2070 sqq.
661 1998 746 2050 Poetae

246 2079 364 2132 studium
377 2082 404 2131 in
412 2081 533 2132 oratione
542 2078 671 2130 varianda
681 2096 745 2150 eog-

246 2178 329 2212 nosce
343 2162 423 2212 etiam
440 2161 467 2210 in
487 2159 550 2224 illo,
568 2157 641 2229 quod
658 2157 747 2210 dicere

244 2241 332 2292 noluit
344 2241 459 2312 confecti
470 2259 557 2292 curtus
573 2252 599 2290 et
610 2240 678 2292 dona
687 2257 748 2310 per-

244 2333 311 2373 acta.
336 2323 442 2372 artimus
464 2339 575 2391 praesens
590 2322 699 2390 proprie
718 2320 746 2370 in

245 2401 413 2463 discrimine,
441 2401 487 2468 qui
517 2401 573 2450 sine
603 2398 746 2468 perturba-

245 2482 334 2542 tione,
357 2476 492 2547 quomodo
513 2477 633 2546 periculo
653 2494 745 2526 oecur-

244 2570 301 2621 rat,
317 2569 362 2607 aut
380 2555 484 2606 hostem
502 2556 643 2617 sustineat,
662 2553 743 2604 videt.

243 2635 333 2703 ¹Debet
353 2635 434 2704 igitur
452 2651 513 2682 mox
531 2630 638 2682 omnino
658 2630 744 2681 dictus

244 2731 303 2767 esse
316 2732 366 2784 pro
378 2714 471 2776 fortis,
481 2723 510 2762 ut
522 2712 549 2763 h.
563 2712 580 2763 l.
593 2712 627 2762 el.
642 2711 704 2760 Var.
716 2709 745 2759 L.

244 2791 314 2844 adsit
327 2794 348 2842 is
361 2805 386 2843 et
399 2803 471 2842 cestu
490 2803 607 2862 pugnet:
626 2801 653 2840 at
666 2807 746 2858 quam

245 2873 352 2923 ornate!
367 2870 475 2922 evinctis
481 2868 579 2939 polinis
589 2869 644 2920 scil.
659 2881 746 2934 cestu,

243 2952 365 3018 attollat,
379 2964 407 3003 ut
420 2951 500 3018 ae'rr'pm
512 2970 570 3002 voc.
589 2967 681 3020 propr.
695 2947 746 2999 hae

243 3035 272 3084 in
285 3052 321 3084 re.
337 3031 462 3084 honorem
473 3049 498 3080 v.
511 3029 593 3080 modo
606 3028 640 3080 ad
648 3047 672 3080 v.
684 3028 744 3098 349.

243 3111 381 3176 velatum,
406 3123 530 3162 ornatum
548 3107 558 3176 (
576 3128 634 3180 sup.
662 3109 697 3160 ad
720 3125 744 3158 v.

245 3207 278 3260 72
294 3191 318 3258 l,
330 3208 395 3240 auro
408 3189 548 3261 vittisque,
566 3206 612 3239 seu
625 3189 691 3240 vitta
704 3188 746 3240 la-

243 3271 330 3324 mellis
341 3271 428 3323 aureis
442 3269 581 3330 distineta;
594 3285 641 3320 seu
651 3282 680 3320 ut
690 3287 747 3321 eor·

243 3371 299 3406 uua
311 3365 405 3406 aurata
417 3353 485 3413 sint,
498 3351 570 3402 vittis
590 3353 686 3404 cervici
698 3354 746 3403 im-

243 3437 353 3506 positio,
374 3435 426 3484 ritu
454 3433 594 3504 religioso,
617 3436 696 3485 etiam
718 3436 746 3486 in

208 3515 423 3566 tmonumentie
447 3512 544 3578 obvio,
567 3526 597 3564 ut
623 3515 650 3566 in
682 3534 745 3566 areu

241 3593 305 3644 Titi.
320 3592 391 3642 conf.
404 3590 475 3643 Serv.
490 3606 514 3644 et
524 3593 572 3644 inf.
586 3593 636 3661 lx,
649 3594 708 3663 627.

279 3669 331 3722 368
342 3699 375 3706 -
386 3668 447 3738 377.
459 3671 565 3723 llomer.
576 3671 594 3722 l.
606 3692 629 3724 c.
640 3673 692 3738 664
703 3690 742 3742 sq.

243 3780 278 3792 -
291 3749 351 3817 370.
365 3748 452 3812 Paris,
469 3749 548 3822 vulgo
563 3769 612 3821 pro
627 3749 743 3815 imbelli,

243 3835 340 3902 ignaro
349 3840 374 3878 et
384 3828 526 3880 mulieroso
533 3830 640 3882 homine
648 3829 742 3882 haberi

245 3910 352 3972 solitae,
373 3926 423 3958 nec
436 3908 508 3978 apud
518 3911 662 3962 Homerum
671 3910 743 3960 omni

244 3991 342 4040 virtute
359 4000 486 4059 cnrct,·ut
502 3987 576 4039 lliad.
590 4009 608 4054 'y
620 3991 646 4042 in
660 4002 743 4042 certa·

794 1840 865 1892 mine
876 1859 935 1892 eum
948 1839 1086 1904 Menelao,
1099 1861 1122 1900 r,
1135 1836 1185 1908 765
1198 1855 1256 1908 sqq.
1267 1853 1295 1893 a,

796 1918 847 1970 580
864 1932 890 1972 et
912 1919 962 1984 al.,
985 1938 1000 1970 a
1021 1921 1107 1990 poetis
1127 1930 1215 1970 tamen
1234 1930 1297 1987 post

796 2000 941 2050 llomerum
965 1999 1048 2050 multo
1073 1999 1172 2068 majore
1199 1998 1314 2048 virtute

796 2080 936 2152 insignitus
965 2092 1017 2141 est3
1044 2081 1071 2130 in
1103 2078 1200 2149 preliis
1226 2077 1296 2128 enim

796 2173 857 2230 post
877 2161 998 2212 Hectoris
1022 2161 1105 2210 fatum
1128 2159 1220 2220 laetis,
1244 2157 1298 2207 fre-

797 2256 879 2308 quens
895 2241 951 2308 ejue
963 2251 1002 2292 est
1019 2238 1155 2290 memoria.
1168 2235 1297 2287 Certami-

795 2318 875 2369 nibus
886 2331 974 2370 autem
987 2317 1093 2368 inclitus
1106 2317 1192 2366 laetus
1205 2327 1244 2366 est
1254 2311 1296 2364 vel

796 2417 826 2450 ex
838 2417 884 2460 eo,
898 2396 987 2467 quod,
1002 2399 1070 2448 inter
1082 2408 1203 2466 pastores
1214 2395 1296 2445 nutri·

795 2475 1295 2546 tusquumesset‚certa1ninoaPrinmo

794 2557 915 2606 instituto
937 2556 1041 2625 agnitus
1061 2565 1115 2615 est,
1128 2552 1191 2603 dum
1206 2553 1297 2603 omnin

795 2634 872 2698 vicit,
898 2631 962 2686 κιιτιὶ
984 2629 1066 2686 araim
1090 2625 1176 2692 leta,
1200 2645 1230 2682 ut
1257 2645 1298 2684 est

796 2712 870 2784 apud
882 2714 975 2784 llygin.
993 2713 1048 2765 lab.
1069 2729 1117 2781 91,
1130 2725 1156 2763 et
1175 2711 1229 2762 fab.
1245 2713 1295 2780 273

795 2811 857 2864 pag.
866 2793 927 2844 322.
938 2793 1032 2844 Evenit
1042 2791 1129 2843 hocin
1137 2790 1207 2841 ludis
1217 2793 1296 2842 frane-

795 2871 903 2936 bribus,
922 2891 989 2942 quos
1004 2873 1029 2923 ei
1047 2885 1124 2942 pater
1140 2872 1297 2942 pronuntia·

796 2966 878 3006 uerat.
890 2952 1031 3004 Probabile
1043 2951 1072 3002 lit
1084 2952 1118 3004 ab
1134 2951 1224 3023 aliquo
1233 2953 1255 3002 'l
1257 2971 1297 3004 ra·

795 3035 855 3104 gieo
870 3033 1294 3086 fabulamitaexornatamluisse.
1342 3037 1343 3040 ’

795 3115 884 3182 Quum
892 3134 953 3166 vero
963 3115 989 3166 in
998 3117 1069 3166 omni
1076 3115 1248 3166 certaminum
1254 3132 1297 3184 ge-

796 3213 859 3246 nere
869 3196 987 3256 vicissct;
1001 3197 1081 3248 etiam
1097 3193 1218 3266 pugilatu
1235 3211 1295 3242 eum

796 3276 889 3327 uicisse
902 3293 1009 3328 neeesse
1020 3288 1071 3335 est;
1083 3275 1161 3324 etiam
1174 3269 1296 3340 pugilatu

796 3355 924 3408 excellere
937 3355 1024 3427 potuit
1037 3357 1063 3403 in
1074 3352 1160 3421 poetis
1174 3347 1297 3419 deperdi-

796 3437 837 3486 tis.
849 3465 883 3474 -
893 3435 952 3504 37¹·
966 3431 1034 3482 Ludi
1048 3427 1173 3480 funebres
1186 3429 1213 3478 in
1225 3429 1295 3481 ller-

795 3515 860 3564 toris
872 3512 1001 3563 honorem
1014 3507 1114 3571 habiti,
1128 3526 1189 3558 num
1204 3507 1237 3560 ab
1251 3511 1294 3560 iis-

796 3591 856 3645 dem
869 3593 955 3662 poetis
972 3589 1111 3640 memorati
1127 3589 1240 3653 luerint,
1260 3607 1293 3640 an

794 3670 897 3740 Virgilii
923 3667 1029 3737 inqenio
1053 3667 1214 3731 debeantur,
1239 3685 1292 3717 non

794 3747 881 3802 liabeo
891 3745 987 3799 dicere.
999 3747 1140 3800 Probabile
1150 3760 1236 3800 tamen
1248 3745 1291 3810 lit,

793 3846 808 3880 e
831 3825 942 3897 Cyclieis
965 3829 1051 3897 poetis
1076 3840 1101 3879 et
1124 3825 1173 3878 lios
1195 3827 1292 3896 petitus

794 3923 858 3956 esse.
873 3905 919 3955 Est
938 3923 1044 3977 quoque
1064 3907 1202 3975 vestigium
1216 3907 1252 3954 rei
1266 3906 1293 3955 in

792 3985 889 4038 Dareta
904 3986 944 4038 25.
958 3986 1080 4037 Priamus
1097 3985 1232 4036 Hectorem
1246 4001 1291 4034 rua
