2956 4680
292 333 355 424 394
617 335 883 404 excursos
906 339 1005 404 vrrr

326 459 377 528 73³
385 489 418 498 —
426 459 484 529 743.
497 461 593 511 lterum
603 461 660 513 aliae
673 460 706 514 de
715 461 806 513 Graeca
817 461 970 513 italicarum
984 461 1089 516 urbium
1104 463 1204 536 orIgine
1216 462 1342 516 tabula.

293 535 409 588 Teleboae
419 540 442 588 T
443 539 555 610 aplrum,
566 559 645 592 unam
657 560 688 592 ex
701 540 895 606 Ecfflnadibus,
907 541 1087 609 incoluerunt,
1099 545 1127 595 in
1139 561 1220 614 quam
1235 563 1268 596 ex
1282 563 1344 614 op-

290 618 379 684 positu
385 617 536 670 Acarnania
545 622 710 672 transierant.
721 620 821 672 Relicta
829 619 940 692 Tapho,
950 620 1066 692 Capreae
1075 621 1203 689 insulam,
1215 621 1342 674 Surren-

290 695 346 744 tino
358 700 540 766 promontorio
550 700 700 770 Campania
710 697 854 767 objectam,
866 716 911 750 eos
923 698 1032 764 adiisse,
1041 699 1094 751 hoc
1102 717 1133 751 ex
1142 699 1203 752 loco
1211 712 1337 752 constat.

290 771 345 823 Rex
365 793 455 827 eorum
474 777 556 830 Telon
573 797 604 830 ex
620 776 759 830 Sebethide
772 776 901 849 nympha,
915 775 1021 830 Sebethi
1040 777 1112 828 duvii
1131 777 1165 830 sd
1183 778 1336 850 Neapolim

290 849 357 918 filia,
370 858 485 926 suscepit
494 857 641 925 OEbalum,
654 858 736 927 quiin
747 859 898 908 continente
910 856 1004 920 ltalia,
1016 875 1048 908 cx
1061 857 1172 908 adverso
1185 859 1338 928 opposito,

291 949 436 1004 occupasse
448 951 571 988 narratur
580 938 639 990 loca
648 939 718 989 circa
725 935 849 1002 sarnum,
861 939 888 987 in
899 937 1030 1006 Hirpinis,
1042 950 1068 989 et
1080 939 1106 987 in
1119 949 1235 990 extreme
1246 937 1337 988 Cam-

289 1013 379 1081 pania.
390 1014 517 1068 Fabulam
528 1036 558 1069 ex
570 1019 666 1068 nostris
676 1018 810 1087 petierunt
819 1014 896 1066 Silius
906 1027 932 1066 et
941 1014 1051 1076 Statins3
1064 1016 1124 1086 quis
1133 1015 1243 1086 Virgilio
1253 1015 1339 1085 prti-

291 1093 373 1156 verit‚
386 1113 440 1146 non
451 1111 561 1149 constat.
571 1097 742 1161 Sarrastibrrs,
754 1095 862 1148 Seruiil.
872 1095 983 1160 accolis,
995 1094 1112 1148 Grncam
1123 1095 1186 1147 olim
1197 1097 1336 1166 originem

292 1169 418 1224 tributam
431 1193 445 1225 a
457 1177 591 1229 nonnullis
600 1179 695 1241 luisse,
709 1195 739 1228 ex
751 1177 841 1228 Servio
853 1188 972 1228 constat:
989 1177 1077 1228 Conon
1093 1174 1212 1245 (videtur
1223 1173 1335 1226 fabulo-

291 1265 379 1300 sarum
390 1257 571 1306 narrationum
589 1267 681 1307 auctor
692 1254 790 1324 fuisse)
804 1255 832 1306 in
843 1273 873 1306 eo
889 1253 955 1306 libro
965 1292 974 1319 ‚
985 1273 1063 1326 quem
1077 1253 1110 1306 de
1123 1253 1199 1306 ltalia
1209 1253 1333 1319 scripsit,

291 1329 415 1399 quosdam
426 1332 546 1407 Pelmpos
554 1332 671 1408 aliosque
680 1353 711 1386 ex
720 1333 899 1406 Peloponneso
909 1351 1035 1386 convenas
1043 1371 1052 1398 ‚
1062 1334 1164 1386 adeum
1173 1331 1259 1386 ἱοειιπι
1268 1333 1333 1384 Ita-

293 1405 335 1458 lia
344 1411 437 1463 versure
446 1413 524 1478 dicit,
535 1412 694 1466 cuinullum
705 1424 781 1464 antea
795 1431 890 1464 nornen
893 1412 994 1482 fuerin
1004 1423 1030 1463 et
1032 1411 1161 1488 flumini,
1171 1429 1247 1482 quem
1258 1410 1334 1462 inco-

292 1483 418 1559 lcncnt(l.
435 1494 507 1563 quod
520 1493 700 1564 accolerent)‚
719 1493 801 1545 Samo
820 1511 915 1544 nomen
935 1493 1084 1563 imposuisse
1101 1509 1133 1542 ex
1149 1489 1332 1563 appellatione

288 1567 374 1637 patrii
380 1569 506 1644 fluminis
518 1573 566 1642 (do
580 1590 632 1644 quo
643 1574 733 1624 nescio
746 1590 780 1623 arr
792 1571 899 1624 aliunde
915 1571 1034 1641 constet)
1045 1580 1071 1620 et
1085 1589 1110 1622 se
1121 1569 1264 1622 Sarrlrnstes
1276 1587 1328 1638 ap-

289 1644 406 1716 pellasse.
419 1651 459 1702 Hi
471 1653 539 1703 inter
547 1652 630 1704 multa
642 1651 737 1724 oppida
749 1651 893 1702 Nuceriam
905 1650 1084 1702 condiderunt.
1098 1648 1202 1702 Scilicet
1213 1649 1329 1701 Samarra

293 1724 356 1776 olim
368 1728 475 1781 Sarrum
487 1734 687 1802 pronuntiatum
700 1749 756 1784 esse
768 1748 875 1784 necesse
885 1744 932 1783 est.
943 1732 1036 1801 Neque
1046 1729 1119 1782 aliud
1131 1731 1272 1800 quicquam
1283 1747 1329 1779 su-

291 1829 340 1880 per
352 1811 513 1866 Sarrastibus
525 1829 552 1868 et
563 1833 654 1868 eoram
671 1817 772 1886 origine
792 1815 870 1868 affert
883 1815 1008 1868 Camillus
1022 1816 1187 1886 Peregrinius
1199 1814 1232 1867 de
1246 1813 1328 1865 Cam-

173 1913 180 1926 r
292 1906 356 1957 pan.
366 1890 458 1958 felice,
471 1895 538 1946 Diss.
549 1897 589 1960 11,
601 1916 626 1947 n.
638 1895 679 1962 24.
689 1895 742 1962 Qui
753 1895 986 1964 somniarequirit‚
996 1892 1075 1946 adeat
1083 1893 1196 1944 Euboici
1205 1889 1330 1942 abitatori

293 1968 321 2018 di
336 1969 437 2041 Napoli
455 1993 481 2045 p.
502 1977 552 2029 263
572 1993 645 2047 sqq,
663 1978 708 2046 qni
720 1975 788 2027 liber
799 1973 914 2044 Neapoli
931 1975 979 2026 sub
999 1975 1079 2025 Ducis
1097 1971 1212 2024 Miclrele
1229 1971 1328 2043 Varpas

293 2048 446 2105 Macciucca
458 2059 564 2110 nomine
575 2056 697 2130 vulgatus
710 2067 757 2108 cst.
769 2055 860 2125 Rufus
869 2055 911 2106 vel
922 2054 1047 2123 Rufrium
1056 2055 1083 2105 in
1093 2054 1264 2124 Hirpinorum
1273 2051 1328 2102 firu'·

292 2126 357 2194 ltus,
374 2131 401 2180 in
420 2131 573 2188 Samnitium
590 2149 721 2207 potestate
740 2134 875 2200 habitum,
892 2151 963 2184 nuuc
981 2133 1054 2184 liuva
1067 2134 1093 2184 in
1113 2138 1188 2183 Terra
1202 2132 1231 2183 di
1246 2131 1326 2189 Bari,-

293 2211 364 2264 circa
378 2213 470 2266 eadem
481 2214 541 2268 loca
552 2213 679 2268 Batulum
693 2226 719 2267 st
733 2211 844 2265 celenna
863 2213 913 2264 sita
932 2212 1015 2263 fuisse
1034 2209 1165 2264 sidentur.
1183 2211 1217 2260 Ar
1236 2205 1327 2260 Atetta

292 2303 385 2342 notum
399 2293 550 2366 Campania
561 2293 704 2365 oppidum,
720 2295 790 2346 iuter
803 2289 1017 2344 Chalcidensium
1030 2288 1148 2341 colonias
1161 2299 1327 2340 numeratum

294 2391 310 2424 a
321 2373 425 2425 Justino
438 2377 500 2440 Η,
517 2393 543 2441 r,
560 2377 598 2429 13.
612 2374 692 2444 Quod
706 2370 829 2442 maliferis
842 2371 1008 2443 appellatur,
1020 2371 1100 2422 etiam
1111 2369 1185 2422 nucis
1194 2365 1327 2420 Asellasre

292 2453 399 2504 nomine
410 2453 535 2505 firmatur.
1222 2489 1225 2496 ,

330 2533 380 2601 744
392 2550 450 2601 sqq.
469 2533 569 2604 AEqui,
587 2532 709 2605 AEquani
718 2532 760 2584 sel
772 2528 927 2602 Equiculi,
945 2528 986 2580 rel
1000 2527 1176 2601 AEqrriculani
1184 2565 1192 2593 ,
1205 2529 1327 2598 exignum

295 2607 329 2660 ad
341 2621 480 2680 utramque
490 2613 597 2663 Anienis
609 2614 694 2682 ripam
708 2623 821 2663 tractum
835 2611 904 2661 iuter·
915 2609 1033 2671 Marsos,
1046 2607 1182 2680 Pehgnm,
1196 2620 1222 2658 et
1235 2604 1328 2657 Sabel-

294 2688 334 2738 los
344 2701 446 2740 montes
456 2687 652 2756 inhabitarunt,
664 2691 773 2761 agrestis
788 2701 813 2740 ct
827 2690 884 2740 fera
901 2705 979 2758 qens,
991 2706 1007 2738 a
1017 2688 1142 2738 Romanis
1157 2687 1228 2737 sicta
1244 2696 1269 2735 et
1284 2700 1328 2736 er-

293 2767 391 2828 tiucta3
405 2765 475 2818 unde
488 2779 567 2838 poeta
578 2791 584 2820 ι
597 2768 712 2820 Horrida
727 2787 791 2840 qens
805 2767 963 2836 adsuetaque
974 2763 1057 2816 multo
1078 2765 1182 2818 Versata
1193 2779 1326 2815 nemonrm

211 2852 218 2858 '
293 2845 365 2897 duris
378 2846 523 2918 AEqnicula
537 2847 627 2920 plebis.
641 2849 762 2900 Nersasa
775 2849 880 2899 nemine
899 2845 952 2896 alio
972 2857 1131 2896 memoratas
1144 2844 1207 2896 vidi.
1228 2841 1326 2913 Ufentis

294 2943 392 2977 nomen
402 2925 436 2977 ab
446 2945 538 2992 amne,
552 2929 597 2998 qui
606 2947 655 2998 per
665 2927 824 2978 Volscorum
836 2925 900 2977 fines
907 2927 983 2993 juxta
994 2925 1165 2977 Tarracinam
1177 2941 1248 2976 mare
1261 2921 1327 2972 infe-

295 3021 354 3055 rum
362 3005 455 3072 intrat,
465 3006 574 3058 ductum
582 3006 694 3060 videtur.
701 3005 822 3058 Fluvium
831 3004 925 3057 eodem
933 3003 1040 3058 nomine
1049 3005 1077 3056 in
1084 3001 1229 3073 AEquiculis
1237 3001 1326 3064 faisse,

295 3082 376 3134 tradit
389 3085 515 3154 Pompon.

331 3164 390 3233 750.
408 3163 546 3217 Marruvia
565 3167 597 3218 de
614 3176 698 3239 pente.
714 3165 795 3216 Varia
813 3175 875 3216 sunt
889 3175 1007 3216 veterum
1026 3173 1052 3213 et
1069 3163 1245 3214 recentiorum
1256 3177 1326 3212 com·

297 3259 393 3297 menta.
406 3247 457 3298 lles
469 3249 506 3298 ita
518 3248 545 3298 in
558 3245 678 3298 ordinem
695 3241 857 3315 redigenda:
874 3243 998 3295 videntur
1013 3241 1097 3296 Marsi
1113 3243 1146 3294 ab
1164 3243 1238 3293 initio
1250 3243 1328 3293 fuisse

295 3323 397 3389 Marri,
411 3325 482 3376 unda
494 3325 557 3376 urbs
568 3341 659 3376 eorum
672 3323 849 3374 Mar-rubium.
861 3321 955 3374 Tradit
966 3338 1073 3391 quoque
1085 3322 1170 3392 gentis
1179 3335 1206 3373 et
1217 3322 1326 3372 nominis

297 3415 431 3456 auctorem
443 3403 561 3454 Marsum
573 3401 650 3455 Silius
662 3404 736 3468 vlu,
749 3403 798 3471 507
812 3419 851 3471 sq.
865 3399 916 3454 Sed
927 3418 977 3472 pro
990 3418 1079 3463 more,
1092 3417 1170 3470 quem
1181 3402 1259 3453 toties
1271 3402 1329 3452 atti·

297 3483 395 3552 pimus,
418 3482 495 3534 etiarn
518 3483 613 3534 Marsis
632 3503 646 3534 e
665 3481 758 3534 Graeca
774 3480 867 3534 fabula
883 3481 1012 3551 originem
1024 3481 1265 3551 circumspexerunt
1276 3482 1328 3531 Ro-

297 3563 368 3614 rnani
380 3563 539 3634 scriptores,
551 3565 646 3633 partim
664 3581 678 3614 a
690 3563 809 3634 Marsya,
824 3559 937 3632 Phryge,
950 3562 1072 3631 partima
1086 3562 1192 3624 Marso,
1204 3559 1290 3612 Circes
1302 3572 1328 3612 et

297 3645 396 3716 Ulyssis
412 3641 484 3695 filio:
501 3645 529 3695 in
546 3644 618 3714 quod
637 3655 815 3696 commentum
832 3653 860 3692 ut
876 3639 1144 3705 irrciderent‚‘locuru
1155 3641 1219 3692 iecit
1234 3642 1326 3712 partim

297 3725 367 3774 fama
381 3735 454 3774 vetus
467 3722 500 3775 de
511 3725 659 3775 Marsorum
678 3721 825 3784 veneficiis,
844 3723 941 3790 partim
961 3721 1172 3789 promontorium
1189 3719 1327 3782 Circense,

299 3800 371 3870 quod
388 3800 462 3854 Circe
475 3803 601 3855 insedisse
614 3813 721 3856 narrata
733 3802 792 3852 fuit.
810 3801 872 3869 Ejus
890 3817 965 3852 soror
982 3798 1127 3871 Anquitia,
1146 3801 1220 3868 cujus
1239 3814 1327 3849 nemus

297 3876 389 3948 paullo
402 3893 462 3947 post
475 3899 500 3929 v.
517 3881 567 3950 759
580 3883 703 3933 occurrit.
717 3881 761 3932 Uti
778 3891 865 3930 autern
879 3878 954 3930 Circe
973 3878 1106 3930 venaliciis
1118 3877 1251 3930 celebrata
1262 3875 1326 3939 init,

298 3956 335 4006 its
354 3955 434 4006 Marsi
453 3958 556 4010 nobiles
572 3973 724 4030 serpentum
742 3957 976 4010 incantationibus.
989 3956 1043 4009 vid.
1057 3957 1122 4010 stin.
1134 3957 1196 4020 vti,
1209 3973 1233 4010 a.
1245 3954 1327 4018 XXV,

303 4046 330 4096 1,
344 4049 363 4084 s.
378 4031 403 4084 5.
423 4033 501 4087 Silius
522 4037 596 4104 vltt,
615 4039 664 4110 497
680 4055 753 4108 scqq.
767 4038 838 4091 conl.
853 4037 974 4104 Cluver.²
984 4037 1032 4090 ubi
1043 4035 1076 4090 de
1090 4037 1186 4088 Marsis
1197 4053 1258 4107 paq.
1272 4032 1325 4103 7⁵9·
