<?xml version="1.0" encoding="UTF-8"?>
<!DOCTYPE html PUBLIC "-//W3C//DTD XHTML 1.0 Transitional//EN"
    "http://www.w3.org/TR/xhtml1/DTD/xhtml1-transitional.dtd">
<html xmlns="http://www.w3.org/1999/xhtml" xml:lang="en" lang="en">
 <head>
  <title>
</title>
<meta http-equiv="Content-Type" content="text/html;charset=utf-8" />
  <meta name='ocr-system' content='tesseract 3.04.00' />
  <meta name='ocr-capabilities' content='ocr_page ocr_carea ocr_par ocr_line ocrx_word'/>
</head>
<body>
  <div class='ocr_page' id='page_1' title='image "./pvirgiliusmaroq05barbgoog_0391.png"; bbox 0 0 2968 4696; ppageno 0'>
   <div class='ocr_carea' id='block_1_1' title="bbox 448 399 1162 467">
    <p class='ocr_par' dir='ltr' id='par_1_1' title="bbox 448 399 1162 467">
     <span class='ocr_line' id='line_1_1' title="bbox 448 399 1162 467; baseline -0.001 -1"><span class='ocrx_word' id='word_1_1' title='bbox 448 403 511 466; x_wconf 77' lang='lat' dir='ltr'>AD</span> <span class='ocrx_word' id='word_1_2' title='bbox 533 399 734 466; x_wconf 86' lang='lat' dir='ltr'>LIBRUM</span> <span class='ocrx_word' id='word_1_3' title='bbox 759 399 846 462; x_wconf 87' lang='lat' dir='ltr'>Vll.</span> <span class='ocrx_word' id='word_1_4' title='bbox 1104 401 1162 467; x_wconf 83' lang='lat'>381</span> 
     </span>
    </p>
   </div>
   <div class='ocr_carea' id='block_1_2' title="bbox 129 519 1182 1464">
    <p class='ocr_par' dir='ltr' id='par_1_2' title="bbox 129 519 1182 1464">
     <span class='ocr_line' id='line_1_2' title="bbox 129 519 1170 600; baseline -0.004 -20"><span class='ocrx_word' id='word_1_5' title='bbox 129 526 289 600; x_wconf 78' lang='lat' dir='ltr'>plerumque</span> <span class='ocrx_word' id='word_1_6' title='bbox 301 527 380 578; x_wconf 85' lang='lat' dir='ltr'>etiam</span> <span class='ocrx_word' id='word_1_7' title='bbox 391 541 478 577; x_wconf 86' lang='lat' dir='ltr'>rernm</span> <span class='ocrx_word' id='word_1_8' title='bbox 491 543 521 576; x_wconf 84' lang='lat' dir='ltr'>ac</span> <span class='ocrx_word' id='word_1_9' title='bbox 533 524 661 576; x_wconf 84' lang='lat' dir='ltr'>sermonis</span> <span class='ocrx_word' id='word_1_10' title='bbox 671 523 853 592; x_wconf 76' lang='lat' dir='ltr'><strong>ignoratione,</strong></span> <span class='ocrx_word' id='word_1_11' title='bbox 865 519 1006 574; x_wconf 85' lang='lat' dir='ltr'>multarum</span> <span class='ocrx_word' id='word_1_12' title='bbox 1015 521 1121 575; x_wconf 90' lang='lat' dir='ltr'>urbium</span> <span class='ocrx_word' id='word_1_13' title='bbox 1131 543 1170 576; x_wconf 89' lang='lat' dir='ltr'>se·</span> 
     </span>
     <span class='ocr_line' id='line_1_3' title="bbox 132 600 1169 677; baseline -0.004 -19"><span class='ocrx_word' id='word_1_14' title='bbox 132 607 181 658; x_wconf 89' lang='lat' dir='ltr'>des</span> <span class='ocrx_word' id='word_1_15' title='bbox 193 619 219 658; x_wconf 91' lang='lat' dir='ltr'>et</span> <span class='ocrx_word' id='word_1_16' title='bbox 228 609 316 658; x_wconf 90' lang='lat' dir='ltr'>ruinas</span> <span class='ocrx_word' id='word_1_17' title='bbox 328 623 409 677; x_wconf 84' lang='lat' dir='ltr'>prave</span> <span class='ocrx_word' id='word_1_18' title='bbox 421 603 602 675; x_wconf 83' lang='lat' dir='ltr'>interpretari,</span> <span class='ocrx_word' id='word_1_19' title='bbox 615 603 652 652; x_wconf 96' lang='lat' dir='ltr'>ita</span> <span class='ocrx_word' id='word_1_20' title='bbox 660 603 700 651; x_wconf 84' lang='lat' dir='ltr'>vir</span> <span class='ocrx_word' id='word_1_21' title='bbox 710 600 804 652; x_wconf 86' lang='lat' dir='ltr'>doctus</span> <span class='ocrx_word' id='word_1_22' title='bbox 814 602 840 651; x_wconf 89' lang='lat' dir='ltr'>in</span> <span class='ocrx_word' id='word_1_23' title='bbox 850 613 930 671; x_wconf 83' lang='lat' dir='ltr'>poeta</span> <span class='ocrx_word' id='word_1_24' title='bbox 942 619 1018 653; x_wconf 84' lang='lat' dir='ltr'>usum</span> <span class='ocrx_word' id='word_1_25' title='bbox 1026 603 1169 674; x_wconf 79' lang='lat' dir='ltr'>loquendi,</span> 
     </span>
     <span class='ocr_line' id='line_1_4' title="bbox 134 683 1171 746; baseline 0 -10"><span class='ocrx_word' id='word_1_26' title='bbox 134 688 262 738; x_wconf 84' lang='lat' dir='ltr'>orationis</span> <span class='ocrx_word' id='word_1_27' title='bbox 271 687 324 736; x_wconf 84' lang='lat' dir='ltr'>vim</span> <span class='ocrx_word' id='word_1_28' title='bbox 334 698 359 737; x_wconf 90' lang='lat' dir='ltr'>et</span> <span class='ocrx_word' id='word_1_29' title='bbox 371 687 514 746; x_wconf 90' lang='lat' dir='ltr'>rationem,</span> <span class='ocrx_word' id='word_1_30' title='bbox 525 683 688 744; x_wconf 85' lang='lat' dir='ltr'>sententiam,</span> <span class='ocrx_word' id='word_1_31' title='bbox 699 699 866 733; x_wconf 89' lang='lat' dir='ltr'>communem</span> <span class='ocrx_word' id='word_1_32' title='bbox 875 699 989 746; x_wconf 85' lang='lat' dir='ltr'>sensum,</span> <span class='ocrx_word' id='word_1_33' title='bbox 1000 687 1088 736; x_wconf 90' lang='lat' dir='ltr'>omnia</span> <span class='ocrx_word' id='word_1_34' title='bbox 1099 703 1171 736; x_wconf 85' lang='lat' dir='ltr'>ever·</span> 
     </span>
     <span class='ocr_line' id='line_1_5' title="bbox 135 758 1175 834; baseline 0.002 -22"><span class='ocrx_word' id='word_1_35' title='bbox 135 775 193 815; x_wconf 84' lang='lat' dir='ltr'>tere</span> <span class='ocrx_word' id='word_1_36' title='bbox 203 763 309 828; x_wconf 83' lang='lat' dir='ltr'>maluit,</span> <span class='ocrx_word' id='word_1_37' title='bbox 320 781 399 834; x_wconf 85' lang='lat' dir='ltr'>quarn</span> <span class='ocrx_word' id='word_1_38' title='bbox 411 763 514 816; x_wconf 84' lang='lat' dir='ltr'>veritati</span> <span class='ocrx_word' id='word_1_39' title='bbox 527 759 681 812; x_wconf 83' lang='lat' dir='ltr'>concedere.</span> <span class='ocrx_word' id='word_1_40' title='bbox 692 759 726 810; x_wconf 87' lang='lat' dir='ltr'>Ut</span> <span class='ocrx_word' id='word_1_41' title='bbox 738 758 840 830; x_wconf 74' lang='lat' dir='ltr'>Sibylla</span> <span class='ocrx_word' id='word_1_42' title='bbox 853 759 980 830; x_wconf 88' lang='lat' dir='ltr'>templum</span> <span class='ocrx_word' id='word_1_43' title='bbox 993 761 1026 812; x_wconf 92' lang='lat' dir='ltr'>ad</span> <span class='ocrx_word' id='word_1_44' title='bbox 1035 761 1084 812; x_wconf 88' lang='lat' dir='ltr'>hos</span> <span class='ocrx_word' id='word_1_45' title='bbox 1095 763 1175 814; x_wconf 84' lang='lat' dir='ltr'>Albu-</span> 
     </span>
     <span class='ocr_line' id='line_1_6' title="bbox 135 837 1174 912; baseline 0.001 -21"><span class='ocrx_word' id='word_1_46' title='bbox 135 859 193 892; x_wconf 80' lang='lat' dir='ltr'>neae</span> <span class='ocrx_word' id='word_1_47' title='bbox 205 840 279 892; x_wconf 90' lang='lat' dir='ltr'>lucos</span> <span class='ocrx_word' id='word_1_48' title='bbox 292 859 415 894; x_wconf 83' lang='lat' dir='ltr'>revocare</span> <span class='ocrx_word' id='word_1_49' title='bbox 426 842 526 912; x_wconf 82' lang='lat' dir='ltr'><strong>possit,</strong></span> <span class='ocrx_word' id='word_1_50' title='bbox 538 841 701 910; x_wconf 67' lang='lat' dir='ltr'>interpungit</span> <span class='ocrx_word' id='word_1_51' title='bbox 712 857 736 888; x_wconf 84' lang='lat' dir='ltr'>v.</span> <span class='ocrx_word' id='word_1_52' title='bbox 751 839 783 890; x_wconf 82' lang='lat'>82</span> <span class='ocrx_word' id='word_1_53' title='bbox 798 850 873 908; x_wconf 89' lang='lat' dir='ltr'>post:</span> <span class='ocrx_word' id='word_1_54' title='bbox 888 837 994 890; x_wconf 82' lang='lat' dir='ltr'>oraculo</span> <span class='ocrx_word' id='word_1_55' title='bbox 1008 840 1111 904; x_wconf 87' lang='lat' dir='ltr'>Fauni,</span> <span class='ocrx_word' id='word_1_56' title='bbox 1124 843 1174 892; x_wconf 82' lang='lat' dir='ltr'>Fu-</span> 
     </span>
     <span class='ocr_line' id='line_1_7' title="bbox 137 916 1174 991; baseline 0.002 -23"><span class='ocrx_word' id='word_1_57' title='bbox 137 917 213 968; x_wconf 85' lang='lat' dir='ltr'>tidici</span> <span class='ocrx_word' id='word_1_58' title='bbox 223 918 359 991; x_wconf 74' lang='lat' dir='ltr'>penitoris,</span> <span class='ocrx_word' id='word_1_59' title='bbox 373 919 437 970; x_wconf 85' lang='lat' dir='ltr'>adit.</span> <span class='ocrx_word' id='word_1_60' title='bbox 448 921 597 990; x_wconf 76' lang='lat' dir='ltr'>lucosque,</span> <span class='ocrx_word' id='word_1_61' title='bbox 611 930 640 968; x_wconf 90' lang='lat' dir='ltr'>ut</span> <span class='ocrx_word' id='word_1_62' title='bbox 650 917 751 970; x_wconf 86' lang='lat' dir='ltr'>scilicet</span> <span class='ocrx_word' id='word_1_63' title='bbox 762 919 844 968; x_wconf 85' lang='lat' dir='ltr'>Fanni</span> <span class='ocrx_word' id='word_1_64' title='bbox 858 916 983 987; x_wconf 89' lang='lat' dir='ltr'>templum</span> <span class='ocrx_word' id='word_1_65' title='bbox 993 937 1034 969; x_wconf 83' lang='lat' dir='ltr'>res</span> <span class='ocrx_word' id='word_1_66' title='bbox 1047 918 1174 990; x_wconf 72' lang='lat' dir='ltr'>aSibyllsa</span> 
     </span>
     <span class='ocr_line' id='line_1_8' title="bbox 138 995 1177 1078; baseline 0.004 -33"><span class='ocrx_word' id='word_1_67' title='bbox 138 995 249 1046; x_wconf 88' lang='lat' dir='ltr'>oraculo</span> <span class='ocrx_word' id='word_1_68' title='bbox 262 995 365 1048; x_wconf 80' lang='lat' dir='ltr'>diversa</span> <span class='ocrx_word' id='word_1_69' title='bbox 377 997 417 1048; x_wconf 91' lang='lat' dir='ltr'>sit.</span> <span class='ocrx_word' id='word_1_70' title='bbox 432 997 515 1049; x_wconf 80' lang='lat' dir='ltr'>Fauni</span> <span class='ocrx_word' id='word_1_71' title='bbox 527 1009 615 1048; x_wconf 85' lang='lat' dir='ltr'>autern</span> <span class='ocrx_word' id='word_1_72' title='bbox 627 995 754 1066; x_wconf 88' lang='lat' dir='ltr'>templum</span> <span class='ocrx_word' id='word_1_73' title='bbox 766 997 792 1046; x_wconf 90' lang='lat' dir='ltr'>in</span> <span class='ocrx_word' id='word_1_74' title='bbox 808 997 968 1047; x_wconf 80' lang='lat' dir='ltr'>Laurentum</span> <span class='ocrx_word' id='word_1_75' title='bbox 983 997 1078 1078; x_wconf 68' lang='lat' dir='ltr'>linibus</span> <span class='ocrx_word' id='word_1_76' title='bbox 1095 997 1177 1049; x_wconf 88' lang='lat' dir='ltr'>collo-</span> 
     </span>
     <span class='ocr_line' id='line_1_9' title="bbox 139 1075 1178 1146; baseline 0.004 -22"><span class='ocrx_word' id='word_1_77' title='bbox 139 1087 197 1139; x_wconf 89' lang='lat' dir='ltr'>cat,</span> <span class='ocrx_word' id='word_1_78' title='bbox 211 1075 256 1126; x_wconf 90' lang='lat' dir='ltr'>ubi</span> <span class='ocrx_word' id='word_1_79' title='bbox 269 1078 326 1128; x_wconf 88' lang='lat' dir='ltr'>lnui</span> <span class='ocrx_word' id='word_1_80' title='bbox 339 1076 460 1128; x_wconf 75' lang='lat' dir='ltr'>Castrum</span> <span class='ocrx_word' id='word_1_81' title='bbox 474 1077 524 1126; x_wconf 88' lang='lat' dir='ltr'>fnit</span> <span class='ocrx_word' id='word_1_82' title='bbox 537 1081 610 1146; x_wconf 86' lang='lat' dir='ltr'>(sup.</span> <span class='ocrx_word' id='word_1_83' title='bbox 621 1076 672 1138; x_wconf 92' lang='lat' dir='ltr'>Vl,</span> <span class='ocrx_word' id='word_1_84' title='bbox 684 1076 753 1145; x_wconf 84' lang='lat'>776).</span> <span class='ocrx_word' id='word_1_85' title='bbox 769 1077 911 1146; x_wconf 88' lang='lat' dir='ltr'>Opinionis</span> <span class='ocrx_word' id='word_1_86' title='bbox 930 1089 1017 1128; x_wconf 88' lang='lat' dir='ltr'>tamen</span> <span class='ocrx_word' id='word_1_87' title='bbox 1034 1077 1178 1128; x_wconf 82' lang='lat' dir='ltr'>anctorita-</span> 
     </span>
     <span class='ocr_line' id='line_1_10' title="bbox 139 1155 1179 1226; baseline 0.003 -23"><span class='ocrx_word' id='word_1_88' title='bbox 139 1165 193 1204; x_wconf 92' lang='lat' dir='ltr'>tem</span> <span class='ocrx_word' id='word_1_89' title='bbox 205 1155 304 1207; x_wconf 88' lang='lat' dir='ltr'>nullam</span> <span class='ocrx_word' id='word_1_90' title='bbox 317 1157 396 1209; x_wconf 76' lang='lat' dir='ltr'>affert</span> <span class='ocrx_word' id='word_1_91' title='bbox 402 1157 446 1208; x_wconf 89' lang='lat' dir='ltr'>hic</span> <span class='ocrx_word' id='word_1_92' title='bbox 458 1156 543 1208; x_wconf 89' lang='lat' dir='ltr'>etalio</span> <span class='ocrx_word' id='word_1_93' title='bbox 555 1155 614 1208; x_wconf 92' lang='lat' dir='ltr'>loco</span> <span class='ocrx_word' id='word_1_94' title='bbox 622 1156 651 1204; x_wconf 85' lang='lat' dir='ltr'>T.</span> <span class='ocrx_word' id='word_1_95' title='bbox 660 1156 692 1204; x_wconf 94' lang='lat' dir='ltr'>V.</span> <span class='ocrx_word' id='word_1_96' title='bbox 701 1155 758 1207; x_wconf 89' lang='lat' dir='ltr'>Lib.</span> <span class='ocrx_word' id='word_1_97' title='bbox 768 1155 817 1220; x_wconf 87' lang='lat' dir='ltr'>lX,</span> <span class='ocrx_word' id='word_1_98' title='bbox 825 1155 859 1205; x_wconf 83' lang='lat' dir='ltr'>el.</span> <span class='ocrx_word' id='word_1_99' title='bbox 871 1174 894 1206; x_wconf 90' lang='lat' dir='ltr'>c.</span> <span class='ocrx_word' id='word_1_100' title='bbox 904 1173 933 1226; x_wconf 88' lang='lat'>7,</span> <span class='ocrx_word' id='word_1_101' title='bbox 947 1175 1027 1226; x_wconf 83' lang='lat' dir='ltr'>quarn</span> <span class='ocrx_word' id='word_1_102' title='bbox 1035 1156 1179 1207; x_wconf 75' lang='lat' dir='ltr'>oleastrum</span> 
     </span>
     <span class='ocr_line' id='line_1_11' title="bbox 138 1231 1180 1304; baseline 0.006 -23"><span class='ocrx_word' id='word_1_103' title='bbox 138 1231 231 1282; x_wconf 83' lang='lat' dir='ltr'>Fauno</span> <span class='ocrx_word' id='word_1_104' title='bbox 243 1251 347 1284; x_wconf 86' lang='lat' dir='ltr'>sacrum</span> <span class='ocrx_word' id='word_1_105' title='bbox 359 1253 389 1286; x_wconf 84' lang='lat' dir='ltr'>ex</span> <span class='ocrx_word' id='word_1_106' title='bbox 399 1236 455 1285; x_wconf 82' lang='lat' dir='ltr'>AEn.</span> <span class='ocrx_word' id='word_1_107' title='bbox 466 1235 524 1298; x_wconf 82' lang='lat' dir='ltr'>Xll,</span> <span class='ocrx_word' id='word_1_108' title='bbox 532 1235 591 1303; x_wconf 84' lang='lat'>766.</span> <span class='ocrx_word' id='word_1_109' title='bbox 605 1233 655 1286; x_wconf 79' lang='lat' dir='ltr'>Sed</span> <span class='ocrx_word' id='word_1_110' title='bbox 666 1233 722 1286; x_wconf 81' lang='lat' dir='ltr'>baec</span> <span class='ocrx_word' id='word_1_111' title='bbox 732 1247 757 1285; x_wconf 89' lang='lat' dir='ltr'>et</span> <span class='ocrx_word' id='word_1_112' title='bbox 769 1234 871 1304; x_wconf 88' lang='lat' dir='ltr'>reliqua</span> <span class='ocrx_word' id='word_1_113' title='bbox 882 1237 973 1286; x_wconf 89' lang='lat' dir='ltr'>omnia</span> <span class='ocrx_word' id='word_1_114' title='bbox 983 1236 1180 1287; x_wconf 76' lang='lat' dir='ltr'>contentissima</span> 
     </span>
     <span class='ocr_line' id='line_1_12' title="bbox 142 1311 1181 1384; baseline 0.004 -25"><span class='ocrx_word' id='word_1_115' title='bbox 142 1323 219 1373; x_wconf 86' lang='lat' dir='ltr'>snut,</span> <span class='ocrx_word' id='word_1_116' title='bbox 231 1323 260 1361; x_wconf 93' lang='lat' dir='ltr'>ut</span> <span class='ocrx_word' id='word_1_117' title='bbox 272 1315 298 1362; x_wconf 91' lang='lat' dir='ltr'>in</span> <span class='ocrx_word' id='word_1_118' title='bbox 308 1311 454 1364; x_wconf 81' lang='lat' dir='ltr'>hishoerere</span> <span class='ocrx_word' id='word_1_119' title='bbox 467 1331 572 1366; x_wconf 88' lang='lat' dir='ltr'>necesse</span> <span class='ocrx_word' id='word_1_120' title='bbox 585 1313 691 1364; x_wconf 89' lang='lat' dir='ltr'>nonsit.</span> <span class='ocrx_word' id='word_1_121' title='bbox 704 1311 807 1384; x_wconf 77' lang='lat' dir='ltr'>Sibyllae</span> <span class='ocrx_word' id='word_1_122' title='bbox 818 1311 944 1364; x_wconf 74' lang='lat' dir='ltr'>Albunea</span> <span class='ocrx_word' id='word_1_123' title='bbox 957 1315 1063 1364; x_wconf 89' lang='lat' dir='ltr'>nomine</span> <span class='ocrx_word' id='word_1_124' title='bbox 1077 1315 1181 1384; x_wconf 70' lang='lat' dir='ltr'>signum</span> 
     </span>
     <span class='ocr_line' id='line_1_13' title="bbox 142 1391 1182 1464; baseline 0.003 -25"><span class='ocrx_word' id='word_1_125' title='bbox 142 1407 319 1442; x_wconf 84' lang='lat' dir='ltr'>marmoreum</span> <span class='ocrx_word' id='word_1_126' title='bbox 329 1394 356 1442; x_wconf 93' lang='lat' dir='ltr'>in</span> <span class='ocrx_word' id='word_1_127' title='bbox 366 1391 430 1444; x_wconf 82' lang='lat' dir='ltr'>villa</span> <span class='ocrx_word' id='word_1_128' title='bbox 437 1393 555 1444; x_wconf 81' lang='lat' dir='ltr'>Atestina</span> <span class='ocrx_word' id='word_1_129' title='bbox 564 1393 688 1458; x_wconf 83' lang='lat' dir='ltr'>babetur,</span> <span class='ocrx_word' id='word_1_130' title='bbox 698 1392 770 1462; x_wconf 88' lang='lat' dir='ltr'>quod</span> <span class='ocrx_word' id='word_1_131' title='bbox 783 1394 862 1444; x_wconf 88' lang='lat' dir='ltr'>etiam</span> <span class='ocrx_word' id='word_1_132' title='bbox 872 1393 900 1443; x_wconf 89' lang='lat' dir='ltr'>in</span> <span class='ocrx_word' id='word_1_133' title='bbox 909 1393 1007 1463; x_wconf 91' lang='lat' dir='ltr'>Vulpio</span> <span class='ocrx_word' id='word_1_134' title='bbox 1017 1412 1067 1444; x_wconf 72' lang='lat' dir='ltr'>sere</span> <span class='ocrx_word' id='word_1_135' title='bbox 1077 1409 1182 1464; x_wconf 82' lang='lat' dir='ltr'>expres-</span> 
     </span>
    </p>
   </div>
   <div class='ocr_carea' id='block_1_3' title="bbox 143 1471 1183 1620">
    <p class='ocr_par' dir='ltr' id='par_1_3' title="bbox 143 1471 1183 1620">
     <span class='ocr_line' id='line_1_14' title="bbox 143 1471 1183 1542; baseline 0.006 -26"><span class='ocrx_word' id='word_1_136' title='bbox 143 1484 202 1518; x_wconf 90' lang='lat' dir='ltr'>sum</span> <span class='ocrx_word' id='word_1_137' title='bbox 213 1483 268 1532; x_wconf 85' lang='lat' dir='ltr'>est;</span> <span class='ocrx_word' id='word_1_138' title='bbox 281 1471 315 1523; x_wconf 85' lang='lat' dir='ltr'>de</span> <span class='ocrx_word' id='word_1_139' title='bbox 329 1490 382 1542; x_wconf 91' lang='lat' dir='ltr'>quo</span> <span class='ocrx_word' id='word_1_140' title='bbox 395 1484 499 1538; x_wconf 85' lang='lat' dir='ltr'>tamen,</span> <span class='ocrx_word' id='word_1_141' title='bbox 516 1474 566 1526; x_wconf 87' lang='lat' dir='ltr'>nisi</span> <span class='ocrx_word' id='word_1_142' title='bbox 583 1474 731 1524; x_wconf 79' lang='lat' dir='ltr'>accuratius</span> <span class='ocrx_word' id='word_1_143' title='bbox 746 1471 911 1542; x_wconf 84' lang='lat' dir='ltr'>exploratum</span> <span class='ocrx_word' id='word_1_144' title='bbox 927 1474 1007 1525; x_wconf 78' lang='lat' dir='ltr'>suerit</span> <span class='ocrx_word' id='word_1_145' title='bbox 1015 1509 1023 1534; x_wconf 90' lang='lat'>,</span> <span class='ocrx_word' id='word_1_146' title='bbox 1040 1471 1106 1524; x_wconf 74' lang='lat' dir='ltr'>nillil</span> <span class='ocrx_word' id='word_1_147' title='bbox 1122 1489 1183 1524; x_wconf 87' lang='lat' dir='ltr'>cum</span> 
     </span>
     <span class='ocr_line' id='line_1_15' title="bbox 145 1544 373 1620; baseline 0.039 -25"><span class='ocrx_word' id='word_1_148' title='bbox 145 1544 197 1598; x_wconf 85' lang='lat' dir='ltr'>lide</span> <span class='ocrx_word' id='word_1_149' title='bbox 209 1553 373 1620; x_wconf 84' lang='lat' dir='ltr'>pronunties.</span> 
     </span>
    </p>
   </div>
   <div class='ocr_carea' id='block_1_4' title="bbox 406 1755 919 1845">
    <p class='ocr_par' dir='ltr' id='par_1_4' title="bbox 406 1755 919 1845">
     <span class='ocr_line' id='line_1_16' title="bbox 406 1755 919 1845; baseline -0.002 -1"><span class='ocrx_word' id='word_1_150' title='bbox 406 1755 774 1845; x_wconf 84' lang='lat' dir='ltr'>EXCURSUS</span> <span class='ocrx_word' id='word_1_151' title='bbox 793 1757 919 1844; x_wconf 87' lang='lat' dir='ltr'>VII.</span> 
     </span>
    </p>
   </div>
   <div class='ocr_carea' id='block_1_5' title="bbox 147 1925 1190 2125">
    <p class='ocr_par' dir='ltr' id='par_1_5' title="bbox 147 1925 1190 2125">
     <span class='ocr_line' id='line_1_17' title="bbox 147 1925 1190 2013; baseline 0.008 -24"><span class='ocrx_word' id='word_1_152' title='bbox 147 1925 202 1990; x_wconf 87' lang='lat' dir='ltr'>Dc</span> <span class='ocrx_word' id='word_1_153' title='bbox 200 1927 397 2013; x_wconf 83' lang='lat' dir='ltr'>fabularum</span> <span class='ocrx_word' id='word_1_154' title='bbox 411 1927 603 1996; x_wconf 81' lang='lat' dir='ltr'>Groecantm</span> <span class='ocrx_word' id='word_1_155' title='bbox 617 1955 675 1995; x_wconf 88' lang='lat' dir='ltr'>usu</span> <span class='ocrx_word' id='word_1_156' title='bbox 684 1981 697 2004; x_wconf 89' lang='lat'><em>‚</em></span> <span class='ocrx_word' id='word_1_157' title='bbox 708 1947 739 1994; x_wconf 87' lang='lat' dir='ltr'>et</span> <span class='ocrx_word' id='word_1_158' title='bbox 752 1927 796 1994; x_wconf 85' lang='lat' dir='ltr'>de</span> <span class='ocrx_word' id='word_1_159' title='bbox 807 1929 1001 1996; x_wconf 83' lang='lat' dir='ltr'>Italt&#39;carum</span> <span class='ocrx_word' id='word_1_160' title='bbox 1013 1933 1046 1994; x_wconf 84' lang='lat' dir='ltr'>in</span> <span class='ocrx_word' id='word_1_161' title='bbox 1059 1931 1190 1997; x_wconf 83' lang='lat' dir='ltr'>illarum</span> 
     </span>
     <span class='ocr_line' id='line_1_18' title="bbox 277 2035 1057 2125; baseline 0.003 -25"><span class='ocrx_word' id='word_1_162' title='bbox 277 2051 428 2100; x_wconf 72' lang='lat' dir='ltr'>noueram</span> <span class='ocrx_word' id='word_1_163' title='bbox 439 2035 646 2125; x_wconf 77' lang='lat' dir='ltr'>deflexamm</span> <span class='ocrx_word' id='word_1_164' title='bbox 656 2035 787 2114; x_wconf 57' lang='lat' dir='ltr'>habim</span> <span class='ocrx_word' id='word_1_165' title='bbox 801 2051 868 2100; x_wconf 85' lang='lat' dir='ltr'>tum</span> <span class='ocrx_word' id='word_1_166' title='bbox 882 2036 924 2100; x_wconf 84' lang='lat' dir='ltr'>de</span> <span class='ocrx_word' id='word_1_167' title='bbox 940 2037 974 2101; x_wconf 89' lang='lat' dir='ltr'><em>T</em></span> <span class='ocrx_word' id='word_1_168' title='bbox 970 2061 1057 2124; x_wconf 72' lang='lat' dir='ltr'>umo.</span> 
     </span>
    </p>
   </div>
   <div class='ocr_carea' id='block_1_6' title="bbox 151 2179 1205 4078">
    <p class='ocr_par' dir='ltr' id='par_1_6' title="bbox 151 2179 1191 2334">
     <span class='ocr_line' id='line_1_19' title="bbox 185 2179 1191 2258; baseline 0.009 -29"><span class='ocrx_word' id='word_1_169' title='bbox 185 2179 246 2245; x_wconf 89' lang='lat' dir='ltr'>Vll,</span> <span class='ocrx_word' id='word_1_170' title='bbox 259 2181 318 2250; x_wconf 85' lang='lat'>371.</span> <span class='ocrx_word' id='word_1_171' title='bbox 332 2183 382 2253; x_wconf 76' lang='lat'>372</span> <span class='ocrx_word' id='word_1_172' title='bbox 400 2183 434 2234; x_wconf 84' lang='lat' dir='ltr'>Et</span> <span class='ocrx_word' id='word_1_173' title='bbox 451 2183 540 2234; x_wconf 83' lang='lat' dir='ltr'>Turno</span> <span class='ocrx_word' id='word_1_174' title='bbox 548 2220 559 2248; x_wconf 78' lang='lat'>„</span> <span class='ocrx_word' id='word_1_175' title='bbox 573 2183 596 2234; x_wconf 81' lang='lat' dir='ltr'>si</span> <span class='ocrx_word' id='word_1_176' title='bbox 609 2183 697 2254; x_wconf 84' lang='lat' dir='ltr'>primo</span> <span class='ocrx_word' id='word_1_177' title='bbox 713 2183 804 2236; x_wconf 83' lang='lat' dir='ltr'>domus</span> <span class='ocrx_word' id='word_1_178' title='bbox 823 2194 955 2255; x_wconf 80' lang='lat' dir='ltr'>repetatur</span> <span class='ocrx_word' id='word_1_179' title='bbox 968 2185 1058 2258; x_wconf 74' lang='lat' dir='ltr'>oripo,</span> <span class='ocrx_word' id='word_1_180' title='bbox 1075 2185 1191 2243; x_wconf 78' lang='lat' dir='ltr'>Inachus</span> 
     </span>
     <span class='ocr_line' id='line_1_20' title="bbox 151 2261 715 2334; baseline 0.002 -22"><span class='ocrx_word' id='word_1_181' title='bbox 151 2261 317 2334; x_wconf 77' lang='lat' dir='ltr'>Acrisiusque</span> <span class='ocrx_word' id='word_1_182' title='bbox 327 2273 425 2334; x_wconf 80' lang='lat' dir='ltr'>potres,</span> <span class='ocrx_word' id='word_1_183' title='bbox 438 2263 580 2333; x_wconf 78' lang='lat' dir='ltr'>modiceque</span> <span class='ocrx_word' id='word_1_184' title='bbox 592 2264 715 2327; x_wconf 73' lang='lat' dir='ltr'>tttscenoe.</span> 
     </span>
    </p>

    <p class='ocr_par' dir='ltr' id='par_1_7' title="bbox 152 2341 1192 2646">
     <span class='ocr_line' id='line_1_21' title="bbox 186 2341 1192 2414; baseline 0.013 -24"><span class='ocrx_word' id='word_1_185' title='bbox 186 2341 297 2392; x_wconf 83' lang='lat' dir='ltr'>Pravum</span> <span class='ocrx_word' id='word_1_186' title='bbox 310 2347 377 2395; x_wconf 89' lang='lat' dir='ltr'>inter</span> <span class='ocrx_word' id='word_1_187' title='bbox 389 2345 521 2394; x_wconf 83' lang='lat' dir='ltr'>Romanos</span> <span class='ocrx_word' id='word_1_188' title='bbox 534 2345 691 2413; x_wconf 87' lang='lat' dir='ltr'>scriptores,</span> <span class='ocrx_word' id='word_1_189' title='bbox 709 2345 828 2414; x_wconf 83' lang='lat' dir='ltr'>inprimis</span> <span class='ocrx_word' id='word_1_190' title='bbox 841 2358 956 2408; x_wconf 84' lang='lat' dir='ltr'>veteres,</span> <span class='ocrx_word' id='word_1_191' title='bbox 975 2347 1056 2398; x_wconf 81' lang='lat' dir='ltr'>luisse</span> <span class='ocrx_word' id='word_1_192' title='bbox 1074 2348 1192 2404; x_wconf 86' lang='lat' dir='ltr'>studium</span> 
     </span>
     <span class='ocr_line' id='line_1_22' title="bbox 152 2417 1192 2498; baseline 0.012 -30"><span class='ocrx_word' id='word_1_193' title='bbox 152 2417 308 2472; x_wconf 83' lang='lat' dir='ltr'>deflectendi</span> <span class='ocrx_word' id='word_1_194' title='bbox 322 2434 421 2473; x_wconf 84' lang='lat' dir='ltr'>veteres</span> <span class='ocrx_word' id='word_1_195' title='bbox 440 2421 565 2472; x_wconf 89' lang='lat' dir='ltr'>italorum</span> <span class='ocrx_word' id='word_1_196' title='bbox 582 2421 685 2492; x_wconf 79' lang='lat' dir='ltr'>mythos</span> <span class='ocrx_word' id='word_1_197' title='bbox 704 2421 738 2473; x_wconf 88' lang='lat' dir='ltr'>ad</span> <span class='ocrx_word' id='word_1_198' title='bbox 757 2423 861 2474; x_wconf 78' lang='lat' dir='ltr'>Graecas</span> <span class='ocrx_word' id='word_1_199' title='bbox 880 2423 1000 2488; x_wconf 79' lang='lat' dir='ltr'>fabulas,</span> <span class='ocrx_word' id='word_1_200' title='bbox 1013 2439 1038 2476; x_wconf 94' lang='lat' dir='ltr'>et</span> <span class='ocrx_word' id='word_1_201' title='bbox 1053 2427 1192 2498; x_wconf 89' lang='lat' dir='ltr'>repetendi</span> 
     </span>
     <span class='ocr_line' id='line_1_23' title="bbox 152 2497 1191 2572; baseline 0.013 -27"><span class='ocrx_word' id='word_1_202' title='bbox 152 2498 267 2568; x_wconf 78' lang='lat' dir='ltr'>origines</span> <span class='ocrx_word' id='word_1_203' title='bbox 278 2517 364 2550; x_wconf 90' lang='lat' dir='ltr'>rerum</span> <span class='ocrx_word' id='word_1_204' title='bbox 374 2497 532 2570; x_wconf 87' lang='lat' dir='ltr'>urbiumque</span> <span class='ocrx_word' id='word_1_205' title='bbox 541 2500 712 2552; x_wconf 87' lang='lat' dir='ltr'>Italicarume</span> <span class='ocrx_word' id='word_1_206' title='bbox 720 2500 829 2568; x_wconf 77' lang='lat' dir='ltr'>Gracia,</span> <span class='ocrx_word' id='word_1_207' title='bbox 838 2519 919 2572; x_wconf 87' lang='lat' dir='ltr'>supra</span> <span class='ocrx_word' id='word_1_208' title='bbox 927 2502 1033 2555; x_wconf 73' lang='lat' dir='ltr'>Excurs¹</span> <span class='ocrx_word' id='word_1_209' title='bbox 1040 2505 1085 2570; x_wconf 91' lang='lat' dir='ltr'>lV,</span> <span class='ocrx_word' id='word_1_210' title='bbox 1094 2505 1191 2558; x_wconf 79' lang='lat' dir='ltr'>diserte</span> 
     </span>
     <span class='ocr_line' id='line_1_24' title="bbox 153 2592 359 2646; baseline 0.01 -20"><span class='ocrx_word' id='word_1_211' title='bbox 153 2592 299 2646; x_wconf 75' lang='lat' dir='ltr'>expositum</span> <span class='ocrx_word' id='word_1_212' title='bbox 313 2592 359 2630; x_wconf 86' lang='lat' dir='ltr'>est.</span> 
     </span>
    </p>

    <p class='ocr_par' dir='ltr' id='par_1_8' title="bbox 153 2656 1197 3183">
     <span class='ocr_line' id='line_1_25' title="bbox 187 2656 1192 2733; baseline 0.015 -28"><span class='ocrx_word' id='word_1_213' title='bbox 187 2656 267 2722; x_wconf 86' lang='lat' dir='ltr'>Quod</span> <span class='ocrx_word' id='word_1_214' title='bbox 281 2671 335 2709; x_wconf 90' lang='lat' dir='ltr'>tum</span> <span class='ocrx_word' id='word_1_215' title='bbox 348 2661 416 2710; x_wconf 89' lang='lat' dir='ltr'>inter</span> <span class='ocrx_word' id='word_1_216' title='bbox 431 2677 536 2712; x_wconf 85' lang='lat' dir='ltr'>caussas</span> <span class='ocrx_word' id='word_1_217' title='bbox 549 2671 679 2730; x_wconf 66' lang='lat' dir='ltr'>corruptae</span> <span class='ocrx_word' id='word_1_218' title='bbox 696 2659 812 2712; x_wconf 73' lang='lat' dir='ltr'>historic</span> <span class='ocrx_word' id='word_1_219' title='bbox 824 2663 1009 2733; x_wconf 74' lang='lat' dir='ltr'>memoriaeque</span> <span class='ocrx_word' id='word_1_220' title='bbox 1024 2666 1109 2716; x_wconf 89' lang='lat' dir='ltr'>omnis</span> <span class='ocrx_word' id='word_1_221' title='bbox 1122 2678 1192 2720; x_wconf 81' lang='lat' dir='ltr'>rete·</span> 
     </span>
     <span class='ocr_line' id='line_1_26' title="bbox 153 2736 1194 2810; baseline 0.009 -25"><span class='ocrx_word' id='word_1_222' title='bbox 153 2752 211 2786; x_wconf 89' lang='lat' dir='ltr'>rum</span> <span class='ocrx_word' id='word_1_223' title='bbox 224 2736 350 2788; x_wconf 87' lang='lat' dir='ltr'>italorum</span> <span class='ocrx_word' id='word_1_224' title='bbox 360 2736 506 2790; x_wconf 74' lang='lat' dir='ltr'>obscurata</span> <span class='ocrx_word' id='word_1_225' title='bbox 516 2737 609 2804; x_wconf 90' lang='lat' dir='ltr'>retuli,</span> <span class='ocrx_word' id='word_1_226' title='bbox 621 2737 674 2789; x_wconf 92' lang='lat' dir='ltr'>boc</span> <span class='ocrx_word' id='word_1_227' title='bbox 683 2739 822 2810; x_wconf 75' lang='lat' dir='ltr'>Virgilius,</span> <span class='ocrx_word' id='word_1_228' title='bbox 835 2757 951 2790; x_wconf 88' lang='lat' dir='ltr'>summus</span> <span class='ocrx_word' id='word_1_229' title='bbox 962 2755 1055 2810; x_wconf 89' lang='lat' dir='ltr'>poeta,</span> <span class='ocrx_word' id='word_1_230' title='bbox 1066 2761 1112 2794; x_wconf 88' lang='lat' dir='ltr'>seu</span> <span class='ocrx_word' id='word_1_231' title='bbox 1123 2762 1194 2799; x_wconf 87' lang='lat' dir='ltr'>com·</span> 
     </span>
     <span class='ocr_line' id='line_1_27' title="bbox 153 2817 1194 2892; baseline 0.009 -28"><span class='ocrx_word' id='word_1_232' title='bbox 153 2833 260 2868; x_wconf 89' lang='lat' dir='ltr'>munem</span> <span class='ocrx_word' id='word_1_233' title='bbox 272 2819 424 2887; x_wconf 87' lang='lat' dir='ltr'>opinionem</span> <span class='ocrx_word' id='word_1_234' title='bbox 439 2831 582 2888; x_wconf 89' lang='lat' dir='ltr'>sequutus,</span> <span class='ocrx_word' id='word_1_235' title='bbox 596 2835 656 2882; x_wconf 88' lang='lat' dir='ltr'>seu,</span> <span class='ocrx_word' id='word_1_236' title='bbox 671 2820 692 2868; x_wconf 84' lang='lat' dir='ltr'>si</span> <span class='ocrx_word' id='word_1_237' title='bbox 709 2820 811 2870; x_wconf 84' lang='lat' dir='ltr'>acriore</span> <span class='ocrx_word' id='word_1_238' title='bbox 821 2817 923 2885; x_wconf 83' lang='lat' dir='ltr'>judicio</span> <span class='ocrx_word' id='word_1_239' title='bbox 940 2837 1032 2870; x_wconf 81' lang='lat' dir='ltr'>verum</span> <span class='ocrx_word' id='word_1_240' title='bbox 1043 2826 1194 2892; x_wconf 82' lang='lat' dir='ltr'>perspexit,</span> 
     </span>
     <span class='ocr_line' id='line_1_28' title="bbox 153 2894 1195 2968; baseline 0.008 -24"><span class='ocrx_word' id='word_1_241' title='bbox 153 2894 294 2947; x_wconf 86' lang='lat' dir='ltr'>utilitatem</span> <span class='ocrx_word' id='word_1_242' title='bbox 306 2909 394 2948; x_wconf 87' lang='lat' dir='ltr'>tamen</span> <span class='ocrx_word' id='word_1_243' title='bbox 407 2897 556 2966; x_wconf 79' lang='lat' dir='ltr'>amplexus,</span> <span class='ocrx_word' id='word_1_244' title='bbox 573 2915 622 2968; x_wconf 88' lang='lat' dir='ltr'>pro</span> <span class='ocrx_word' id='word_1_245' title='bbox 638 2895 791 2966; x_wconf 86' lang='lat' dir='ltr'>adjumento</span> <span class='ocrx_word' id='word_1_246' title='bbox 805 2896 933 2967; x_wconf 72' lang='lat' dir='ltr'>praeclaro</span> <span class='ocrx_word' id='word_1_247' title='bbox 950 2897 984 2948; x_wconf 85' lang='lat' dir='ltr'>ad</span> <span class='ocrx_word' id='word_1_248' title='bbox 1002 2899 1195 2967; x_wconf 84' lang='lat' dir='ltr'>expediendam</span> 
     </span>
     <span class='ocr_line' id='line_1_29' title="bbox 156 2973 1196 3045; baseline 0.002 -19"><span class='ocrx_word' id='word_1_249' title='bbox 156 2976 279 3027; x_wconf 85' lang='lat' dir='ltr'>carminis</span> <span class='ocrx_word' id='word_1_250' title='bbox 292 2975 333 3022; x_wconf 86' lang='lat' dir='ltr'>sui</span> <span class='ocrx_word' id='word_1_251' title='bbox 351 2976 486 3024; x_wconf 86' lang='lat' dir='ltr'>materiem</span> <span class='ocrx_word' id='word_1_252' title='bbox 503 2973 630 3038; x_wconf 84' lang='lat' dir='ltr'>adscivit,</span> <span class='ocrx_word' id='word_1_253' title='bbox 643 2993 829 3045; x_wconf 88' lang='lat' dir='ltr'>erroremque,</span> <span class='ocrx_word' id='word_1_254' title='bbox 846 2993 932 3026; x_wconf 86' lang='lat' dir='ltr'>rernm</span> <span class='ocrx_word' id='word_1_255' title='bbox 949 2977 1053 3026; x_wconf 85' lang='lat' dir='ltr'>veritati</span> <span class='ocrx_word' id='word_1_256' title='bbox 1070 2975 1196 3028; x_wconf 86' lang='lat' dir='ltr'>historia·</span> 
     </span>
     <span class='ocr_line' id='line_1_30' title="bbox 157 3051 1197 3124; baseline 0.004 -20"><span class='ocrx_word' id='word_1_257' title='bbox 157 3071 269 3123; x_wconf 91' lang='lat' dir='ltr'>rumque</span> <span class='ocrx_word' id='word_1_258' title='bbox 281 3051 342 3102; x_wconf 89' lang='lat' dir='ltr'>lidei</span> <span class='ocrx_word' id='word_1_259' title='bbox 354 3051 567 3118; x_wconf 78' lang='lat' dir='ltr'>infestissimum,</span> <span class='ocrx_word' id='word_1_260' title='bbox 584 3053 697 3124; x_wconf 88' lang='lat' dir='ltr'>poeticis</span> <span class='ocrx_word' id='word_1_261' title='bbox 714 3051 861 3104; x_wconf 82' lang='lat' dir='ltr'>rationibus</span> <span class='ocrx_word' id='word_1_262' title='bbox 880 3053 1090 3104; x_wconf 83' lang='lat' dir='ltr'>accommodavit</span> <span class='ocrx_word' id='word_1_263' title='bbox 1102 3055 1197 3108; x_wconf 87' lang='lat' dir='ltr'>soller-</span> 
     </span>
     <span class='ocr_line' id='line_1_31' title="bbox 159 3133 266 3183; baseline -0.047 0"><span class='ocrx_word' id='word_1_264' title='bbox 159 3133 266 3183; x_wconf 82' lang='lat' dir='ltr'>tissime.</span> 
     </span>
    </p>

    <p class='ocr_par' dir='ltr' id='par_1_9' title="bbox 160 3204 1205 4078">
     <span class='ocr_line' id='line_1_32' title="bbox 193 3204 1199 3278; baseline 0.004 -18"><span class='ocrx_word' id='word_1_265' title='bbox 193 3210 282 3276; x_wconf 89' lang='lat' dir='ltr'>Quum</span> <span class='ocrx_word' id='word_1_266' title='bbox 290 3211 361 3262; x_wconf 83' lang='lat' dir='ltr'>euim</span> <span class='ocrx_word' id='word_1_267' title='bbox 373 3204 604 3278; x_wconf 75' lang='lat' dir='ltr'>ltaliensfobulos,</span> <span class='ocrx_word' id='word_1_268' title='bbox 614 3219 641 3258; x_wconf 91' lang='lat' dir='ltr'>ut</span> <span class='ocrx_word' id='word_1_269' title='bbox 650 3209 767 3259; x_wconf 87' lang='lat' dir='ltr'>novitate</span> <span class='ocrx_word' id='word_1_270' title='bbox 779 3208 817 3258; x_wconf 83' lang='lat' dir='ltr'>rei</span> <span class='ocrx_word' id='word_1_271' title='bbox 829 3207 957 3277; x_wconf 86' lang='lat' dir='ltr'>placeret,</span> <span class='ocrx_word' id='word_1_272' title='bbox 966 3209 1077 3260; x_wconf 86' lang='lat' dir='ltr'>carmini</span> <span class='ocrx_word' id='word_1_273' title='bbox 1083 3211 1199 3264; x_wconf 79' lang='lat' dir='ltr'>intexere</span> 
     </span>
     <span class='ocr_line' id='line_1_33' title="bbox 160 3287 1201 3361; baseline -0.002 -15"><span class='ocrx_word' id='word_1_274' title='bbox 160 3292 353 3356; x_wconf 87' lang='lat' dir='ltr'>constituisset,</span> <span class='ocrx_word' id='word_1_275' title='bbox 367 3290 454 3342; x_wconf 87' lang='lat' dir='ltr'>statim</span> <span class='ocrx_word' id='word_1_276' title='bbox 467 3291 612 3340; x_wconf 87' lang='lat' dir='ltr'>occurrisse</span> <span class='ocrx_word' id='word_1_277' title='bbox 624 3305 732 3340; x_wconf 86' lang='lat' dir='ltr'>necesse</span> <span class='ocrx_word' id='word_1_278' title='bbox 745 3301 783 3340; x_wconf 90' lang='lat' dir='ltr'>est</span> <span class='ocrx_word' id='word_1_279' title='bbox 795 3287 864 3339; x_wconf 86' lang='lat' dir='ltr'>boc:</span> <span class='ocrx_word' id='word_1_280' title='bbox 879 3307 923 3340; x_wconf 89' lang='lat' dir='ltr'>eas</span> <span class='ocrx_word' id='word_1_281' title='bbox 936 3289 1058 3359; x_wconf 88' lang='lat' dir='ltr'>quidem,</span> <span class='ocrx_word' id='word_1_282' title='bbox 1074 3309 1130 3361; x_wconf 77' lang='lat' dir='ltr'>quse</span> <span class='ocrx_word' id='word_1_283' title='bbox 1142 3312 1201 3346; x_wconf 58' lang='lat' dir='ltr'>carh</span> 
     </span>
     <span class='ocr_line' id='line_1_34' title="bbox 160 3366 1202 3440; baseline -0.004 -14"><span class='ocrx_word' id='word_1_284' title='bbox 160 3376 231 3426; x_wconf 87' lang='lat' dir='ltr'>mine</span> <span class='ocrx_word' id='word_1_285' title='bbox 243 3372 352 3424; x_wconf 84' lang='lat' dir='ltr'>tractari</span> <span class='ocrx_word' id='word_1_286' title='bbox 362 3370 482 3440; x_wconf 88' lang='lat' dir='ltr'>possint,</span> <span class='ocrx_word' id='word_1_287' title='bbox 494 3366 599 3418; x_wconf 79' lang='lat' dir='ltr'>fabulas</span> <span class='ocrx_word' id='word_1_288' title='bbox 613 3385 670 3418; x_wconf 85' lang='lat' dir='ltr'>esse</span> <span class='ocrx_word' id='word_1_289' title='bbox 683 3385 799 3436; x_wconf 84' lang='lat' dir='ltr'>paucas,</span> <span class='ocrx_word' id='word_1_290' title='bbox 811 3366 953 3438; x_wconf 84' lang='lat' dir='ltr'>plerasque</span> <span class='ocrx_word' id='word_1_291' title='bbox 966 3385 1090 3438; x_wconf 81' lang='lat' dir='ltr'>asperas,</span> <span class='ocrx_word' id='word_1_292' title='bbox 1106 3384 1132 3421; x_wconf 86' lang='lat' dir='ltr'>et</span> <span class='ocrx_word' id='word_1_293' title='bbox 1146 3371 1202 3422; x_wconf 88' lang='lat' dir='ltr'>inii-</span> 
     </span>
     <span class='ocr_line' id='line_1_35' title="bbox 161 3443 1200 3520; baseline -0.004 -15"><span class='ocrx_word' id='word_1_294' title='bbox 161 3466 233 3506; x_wconf 85' lang='lat' dir='ltr'>cetas</span> <span class='ocrx_word' id='word_1_295' title='bbox 249 3451 415 3504; x_wconf 86' lang='lat' dir='ltr'>nominibus:</span> <span class='ocrx_word' id='word_1_296' title='bbox 429 3450 503 3517; x_wconf 86' lang='lat' dir='ltr'>cujus</span> <span class='ocrx_word' id='word_1_297' title='bbox 518 3446 590 3497; x_wconf 88' lang='lat' dir='ltr'>modi</span> <span class='ocrx_word' id='word_1_298' title='bbox 606 3443 708 3498; x_wconf 88' lang='lat' dir='ltr'>Salacia</span> <span class='ocrx_word' id='word_1_299' title='bbox 723 3461 775 3512; x_wconf 87' lang='lat' dir='ltr'>sat,</span> <span class='ocrx_word' id='word_1_300' title='bbox 793 3465 850 3518; x_wconf 81' lang='lat' dir='ltr'>quae</span> <span class='ocrx_word' id='word_1_301' title='bbox 867 3448 993 3518; x_wconf 84' lang='lat' dir='ltr'>Neptuno</span> <span class='ocrx_word' id='word_1_302' title='bbox 1008 3451 1103 3518; x_wconf 83' lang='lat' dir='ltr'>conjux</span> <span class='ocrx_word' id='word_1_303' title='bbox 1121 3449 1200 3520; x_wconf 83' lang='lat' dir='ltr'>data,</span> 
     </span>
     <span class='ocr_line' id='line_1_36' title="bbox 161 3526 1201 3600; baseline -0.002 -16"><span class='ocrx_word' id='word_1_304' title='bbox 161 3533 301 3592; x_wconf 86' lang='lat' dir='ltr'>Neriencs,</span> <span class='ocrx_word' id='word_1_305' title='bbox 315 3549 371 3600; x_wconf 80' lang='lat' dir='ltr'>quae</span> <span class='ocrx_word' id='word_1_306' title='bbox 383 3531 473 3582; x_wconf 86' lang='lat' dir='ltr'>Virtus</span> <span class='ocrx_word' id='word_1_307' title='bbox 485 3540 541 3579; x_wconf 91' lang='lat' dir='ltr'>erat</span> <span class='ocrx_word' id='word_1_308' title='bbox 558 3545 588 3578; x_wconf 85' lang='lat' dir='ltr'>ac</span> <span class='ocrx_word' id='word_1_309' title='bbox 604 3526 761 3592; x_wconf 87' lang='lat' dir='ltr'>Fortitudo,</span> <span class='ocrx_word' id='word_1_310' title='bbox 778 3526 872 3579; x_wconf 86' lang='lat' dir='ltr'>eadem</span> <span class='ocrx_word' id='word_1_311' title='bbox 889 3528 958 3592; x_wconf 86' lang='lat' dir='ltr'>fere,</span> <span class='ocrx_word' id='word_1_312' title='bbox 977 3547 1034 3598; x_wconf 83' lang='lat' dir='ltr'>quae</span> <span class='ocrx_word' id='word_1_313' title='bbox 1050 3529 1201 3582; x_wconf 79' lang='lat' dir='ltr'>Grecorum</span> 
     </span>
     <span class='ocr_line' id='line_1_37' title="bbox 161 3606 1199 3680; baseline -0.004 -14"><span class='ocrx_word' id='word_1_314' title='bbox 161 3615 289 3666; x_wconf 79' lang='lat' dir='ltr'>Minerva.</span> <span class='ocrx_word' id='word_1_315' title='bbox 303 3611 362 3662; x_wconf 86' lang='lat' dir='ltr'>Una</span> <span class='ocrx_word' id='word_1_316' title='bbox 374 3622 413 3660; x_wconf 86' lang='lat' dir='ltr'>eat</span> <span class='ocrx_word' id='word_1_317' title='bbox 425 3609 527 3680; x_wconf 71' lang='lat' dir='ltr'>egregie</span> <span class='ocrx_word' id='word_1_318' title='bbox 543 3606 576 3658; x_wconf 88' lang='lat' dir='ltr'>ad</span> <span class='ocrx_word' id='word_1_319' title='bbox 589 3609 723 3677; x_wconf 88' lang='lat' dir='ltr'>poeticum</span> <span class='ocrx_word' id='word_1_320' title='bbox 735 3625 812 3658; x_wconf 89' lang='lat' dir='ltr'>usum</span> <span class='ocrx_word' id='word_1_321' title='bbox 824 3608 967 3659; x_wconf 84' lang='lat' dir='ltr'>informata</span> <span class='ocrx_word' id='word_1_322' title='bbox 979 3608 1072 3661; x_wconf 83' lang='lat' dir='ltr'>fabula</span> <span class='ocrx_word' id='word_1_323' title='bbox 1084 3609 1117 3662; x_wconf 92' lang='lat' dir='ltr'>de</span> <span class='ocrx_word' id='word_1_324' title='bbox 1129 3611 1199 3677; x_wconf 92' lang='lat' dir='ltr'>Ora,</span> 
     </span>
     <span class='ocr_line' id='line_1_38' title="bbox 162 3686 1200 3758; baseline 0 -15"><span class='ocrx_word' id='word_1_325' title='bbox 162 3691 311 3744; x_wconf 77' lang='lat' dir='ltr'>luventatis</span> <span class='ocrx_word' id='word_1_326' title='bbox 324 3689 388 3754; x_wconf 86' lang='lat' dir='ltr'>dea,</span> <span class='ocrx_word' id='word_1_327' title='bbox 400 3690 512 3756; x_wconf 86' lang='lat' dir='ltr'>Quirino</span> <span class='ocrx_word' id='word_1_328' title='bbox 530 3687 580 3740; x_wconf 88' lang='lat' dir='ltr'>deo</span> <span class='ocrx_word' id='word_1_329' title='bbox 594 3705 644 3757; x_wconf 90' lang='lat' dir='ltr'>pro</span> <span class='ocrx_word' id='word_1_330' title='bbox 661 3689 772 3758; x_wconf 69' lang='lat' dir='ltr'>conjuge</span> <span class='ocrx_word' id='word_1_331' title='bbox 790 3686 870 3752; x_wconf 86' lang='lat' dir='ltr'>data,</span> <span class='ocrx_word' id='word_1_332' title='bbox 888 3700 916 3738; x_wconf 89' lang='lat' dir='ltr'>ut</span> <span class='ocrx_word' id='word_1_333' title='bbox 933 3689 1040 3741; x_wconf 83' lang='lat' dir='ltr'>Herculi</span> <span class='ocrx_word' id='word_1_334' title='bbox 1052 3688 1133 3742; x_wconf 87' lang='lat' dir='ltr'>Hebe.</span> <span class='ocrx_word' id='word_1_335' title='bbox 1146 3691 1200 3743; x_wconf 84' lang='lat' dir='ltr'>vid.</span> 
     </span>
     <span class='ocr_line' id='line_1_39' title="bbox 163 3765 1202 3841; baseline -0.001 -15"><span class='ocrx_word' id='word_1_336' title='bbox 163 3771 229 3826; x_wconf 86' lang='lat' dir='ltr'>Gell.</span> <span class='ocrx_word' id='word_1_337' title='bbox 239 3772 307 3834; x_wconf 87' lang='lat' dir='ltr'>Xlll,</span> <span class='ocrx_word' id='word_1_338' title='bbox 317 3788 349 3822; x_wconf 82' lang='lat' dir='ltr'>au</span> <span class='ocrx_word' id='word_1_339' title='bbox 360 3784 385 3822; x_wconf 92' lang='lat' dir='ltr'>et</span> <span class='ocrx_word' id='word_1_340' title='bbox 397 3769 434 3820; x_wconf 87' lang='lat' dir='ltr'>ibi</span> <span class='ocrx_word' id='word_1_341' title='bbox 446 3770 508 3818; x_wconf 88' lang='lat' dir='ltr'>Not.</span> <span class='ocrx_word' id='word_1_342' title='bbox 521 3765 572 3818; x_wconf 88' lang='lat' dir='ltr'>Sed</span> <span class='ocrx_word' id='word_1_343' title='bbox 584 3767 640 3818; x_wconf 71' lang='lat' dir='ltr'>hac</span> <span class='ocrx_word' id='word_1_344' title='bbox 653 3785 758 3838; x_wconf 90' lang='lat' dir='ltr'>quoque</span> <span class='ocrx_word' id='word_1_345' title='bbox 769 3767 804 3818; x_wconf 88' lang='lat' dir='ltr'>ad</span> <span class='ocrx_word' id='word_1_346' title='bbox 813 3767 934 3818; x_wconf 78' lang='lat' dir='ltr'>Granum</span> <span class='ocrx_word' id='word_1_347' title='bbox 943 3770 1077 3840; x_wconf 85' lang='lat' dir='ltr'>exemplar</span> <span class='ocrx_word' id='word_1_348' title='bbox 1085 3789 1202 3841; x_wconf 83' lang='lat' dir='ltr'>procusa</span> 
     </span>
     <span class='ocr_line' id='line_1_40' title="bbox 164 3843 1201 3920; baseline -0.002 -17"><span class='ocrx_word' id='word_1_349' title='bbox 164 3864 219 3915; x_wconf 88' lang='lat' dir='ltr'>cst,</span> <span class='ocrx_word' id='word_1_350' title='bbox 232 3866 258 3902; x_wconf 82' lang='lat' dir='ltr'>et</span> <span class='ocrx_word' id='word_1_351' title='bbox 270 3851 356 3920; x_wconf 88' lang='lat' dir='ltr'>ipsum</span> <span class='ocrx_word' id='word_1_352' title='bbox 367 3848 471 3900; x_wconf 85' lang='lat' dir='ltr'>ridetur</span> <span class='ocrx_word' id='word_1_353' title='bbox 483 3865 579 3898; x_wconf 88' lang='lat' dir='ltr'>nomen</span> <span class='ocrx_word' id='word_1_354' title='bbox 591 3847 709 3898; x_wconf 67' lang='lat' dir='ltr'>Graccum</span> <span class='ocrx_word' id='word_1_355' title='bbox 722 3864 794 3911; x_wconf 87' lang='lat' dir='ltr'>esse,</span> <span class='ocrx_word' id='word_1_356' title='bbox 810 3843 884 3914; x_wconf 73' lang='grc' dir='ltr'>ἀμ.</span> <span class='ocrx_word' id='word_1_357' title='bbox 897 3847 961 3898; x_wconf 85' lang='lat' dir='ltr'>Esse</span> <span class='ocrx_word' id='word_1_358' title='bbox 974 3866 1032 3899; x_wconf 90' lang='lat' dir='ltr'>eam</span> <span class='ocrx_word' id='word_1_359' title='bbox 1045 3849 1201 3918; x_wconf 82' lang='lat' dir='ltr'>Hersiliam,</span> 
     </span>
     <span class='ocr_line' id='line_1_41' title="bbox 165 3925 1204 4000; baseline -0.003 -17"><span class='ocrx_word' id='word_1_360' title='bbox 165 3930 212 3984; x_wconf 89' lang='lat' dir='ltr'>sed</span> <span class='ocrx_word' id='word_1_361' title='bbox 224 3929 301 3982; x_wconf 84' lang='lat' dir='ltr'>deam</span> <span class='ocrx_word' id='word_1_362' title='bbox 312 3931 409 3982; x_wconf 78' lang='lat' dir='ltr'>iactam</span> <span class='ocrx_word' id='word_1_363' title='bbox 421 3929 538 3980; x_wconf 84' lang='lat' dir='ltr'>narravit</span> <span class='ocrx_word' id='word_1_364' title='bbox 549 3925 626 3979; x_wconf 85' lang='lat' dir='ltr'>Ovid.</span> <span class='ocrx_word' id='word_1_365' title='bbox 640 3927 699 3978; x_wconf 86' lang='lat' dir='ltr'>xtv</span> <span class='ocrx_word' id='word_1_366' title='bbox 707 3926 770 3977; x_wconf 88' lang='lat' dir='ltr'>Met.</span> <span class='ocrx_word' id='word_1_367' title='bbox 783 3925 832 3976; x_wconf 89' lang='lat' dir='ltr'>sub</span> <span class='ocrx_word' id='word_1_368' title='bbox 843 3925 886 3976; x_wconf 82' lang='lat' dir='ltr'>fin.</span> <span class='ocrx_word' id='word_1_369' title='bbox 901 3927 975 3978; x_wconf 86' lang='lat' dir='ltr'>Vidit</span> <span class='ocrx_word' id='word_1_370' title='bbox 986 3929 1066 4000; x_wconf 71' lang='lat' dir='ltr'>igitur</span> <span class='ocrx_word' id='word_1_371' title='bbox 1077 3929 1153 3980; x_wconf 86' lang='lat' dir='ltr'>Maro</span> <span class='ocrx_word' id='word_1_372' title='bbox 1163 3930 1204 3982; x_wconf 88' lang='lat' dir='ltr'>fa-</span> 
     </span>
     <span class='ocr_line' id='line_1_42' title="bbox 166 4006 1205 4078; baseline -0.001 -15"><span class='ocrx_word' id='word_1_373' title='bbox 166 4011 242 4063; x_wconf 89' lang='lat' dir='ltr'>bulas</span> <span class='ocrx_word' id='word_1_374' title='bbox 254 4010 359 4061; x_wconf 85' lang='lat' dir='ltr'>Italicas</span> <span class='ocrx_word' id='word_1_375' title='bbox 372 4021 445 4061; x_wconf 88' lang='lat' dir='ltr'>tanto</span> <span class='ocrx_word' id='word_1_376' title='bbox 457 4006 666 4072; x_wconf 87' lang='lat' dir='ltr'>tractabiliores,</span> <span class='ocrx_word' id='word_1_377' title='bbox 683 4018 709 4058; x_wconf 83' lang='lat' dir='ltr'>et</span> <span class='ocrx_word' id='word_1_378' title='bbox 728 4006 838 4056; x_wconf 84' lang='lat' dir='ltr'>carmini</span> <span class='ocrx_word' id='word_1_379' title='bbox 856 4007 1110 4060; x_wconf 83' lang='lat' dir='ltr'>accommodatiores</span> <span class='ocrx_word' id='word_1_380' title='bbox 1128 4010 1205 4078; x_wconf 85' lang='lat' dir='ltr'>fore,</span> 
     </span>
    </p>
   </div>
   <div class='ocr_carea' id='block_1_7' title="bbox 33 4072 1205 4164">
    <p class='ocr_par' dir='ltr' id='par_1_10' title="bbox 33 4061 1205 4165">
     <span class='ocr_line' id='line_1_43' title="bbox 33 4072 1205 4164; baseline 0.009 -31"><span class='ocrx_word' id='word_1_381' title='bbox 33 4072 64 4098; x_wconf 44' lang='lat'>&#39;³‘</span> <span class='ocrx_word' id='word_1_382' title='bbox 167 4107 220 4162; x_wconf 85' lang='lat' dir='ltr'>quo</span> <span class='ocrx_word' id='word_1_383' title='bbox 232 4091 315 4164; x_wconf 67' lang='lat' dir='ltr'>magis</span> <span class='ocrx_word' id='word_1_384' title='bbox 328 4088 364 4145; x_wconf 84' lang='lat' dir='ltr'>ad</span> <span class='ocrx_word' id='word_1_385' title='bbox 377 4089 494 4142; x_wconf 71' lang='lat' dir='ltr'>(ianuam</span> <span class='ocrx_word' id='word_1_386' title='bbox 505 4086 555 4142; x_wconf 78' lang='lat' dir='ltr'>itte</span> <span class='ocrx_word' id='word_1_387' title='bbox 572 4087 703 4145; x_wconf 82' lang='lat' dir='ltr'>rationem</span> <span class='ocrx_word' id='word_1_388' title='bbox 719 4096 973 4160; x_wconf 78' lang='lat' dir='ltr'>attemperarentur,</span> <span class='ocrx_word' id='word_1_389' title='bbox 989 4086 1142 4144; x_wconf 85' lang='lat' dir='ltr'>nominibus</span> <span class='ocrx_word' id='word_1_390' title='bbox 1158 4098 1205 4140; x_wconf 88' lang='lat' dir='ltr'>aut</span> 
     </span>
    </p>
   </div>
   <div class='ocr_carea' id='block_1_8' title="bbox 0 0 1528 4696">
    <p class='ocr_par' dir='ltr' id='par_1_11' title="bbox 0 0 1528 4696">
     <span class='ocr_line' id='line_1_44' title="bbox 0 0 1528 4696; baseline 0 0"><span class='ocrx_word' id='word_1_391' title='bbox 0 0 1528 4696; x_wconf 95' lang='lat' dir='ltr'> </span> 
     </span>
    </p>
   </div>
  </div>
 </body>
</html>
