2968 4696
462 395 525 465 ao
548 394 747 464 menon
769 397 855 464 vu.
1116 411 1178 500 36,
1240 490 1245 507 Ι

147 529 249 592 nubes,
262 524 334 597 quod
350 523 401 575 lete
415 541 463 595 per
478 536 561 576 totam
573 523 674 577 ltaliam
686 522 762 577 sedes
774 544 828 576 noo
840 543 894 577 uno
910 529 1015 581 nomine
1030 530 1136 601 babuit,
1153 549 1182 588 ut

149 615 235 660 tamen
251 605 406 677 Aborigines
420 603 455 655 ad
471 603 600 670 Circeios,
620 617 665 656 eut
683 606 752 656 forte
771 605 804 656 ad
817 607 898 657 Lirim
915 626 997 678 usque
1013 610 1181 680 babitarent,

148 683 362 756 quandoquidem
375 683 495 733 Latinum
507 701 620 748 nomen,
634 682 706 752 quotl
718 685 745 734 in
757 683 827 734 illius
840 684 928 736 locum
941 692 1078 750 successit,
1095 713 1126 743 eo
1140 713 1183 744 us-

148 783 199 834 que
210 763 352 834 pertinuit;
365 760 426 812 binc
440 779 503 812 vero
517 763 563 831 qui
577 780 623 832 per
636 759 807 831 Campaniam
820 774 845 814 et
859 762 987 833 reliquam
1000 766 1100 818 ltaliam
1114 771 1182 822 infe-

146 845 242 896 riorem
255 841 422 903 habitarunt,
435 843 533 911 passim
543 842 678 892 Ausonum
687 861 783 893 nomen
796 856 947 908 servarunt,
961 845 1031 896 unde
1044 849 1113 916 apud
1125 851 1185 902 Fes-

146 935 217 988 tum,
230 923 256 972 in
272 921 403 984 Ausonia,
422 940 454 972 ea
467 940 529 992 pars
548 921 646 984 ltaliae,
664 923 690 972 in
708 939 758 992 qus
777 937 838 973 sunt
854 921 931 974 Cales
946 938 972 974 et
991 927 1184 998 Beneventum,

145 1002 230 1071 prima
249 1003 386 1051 Ausonum
401 999 475 1051 sedes
491 1000 573 1051 fuisse
592 999 711 1051 traditur.
733 999 774 1050 Ad
791 1002 870 1053 Lirim
888 1003 951 1054 urbs
968 1004 1077 1056 Ausona
1097 1007 1184 1060 adbuc

147 1079 195 1130 sub
214 1079 338 1130 Romanis
352 1079 416 1138 tuin
434 1097 494 1130 nam
509 1080 540 1129 U.
556 1079 585 1130 C.
599 1077 663 1144 440,
683 1097 714 1130 ea
730 1097 789 1129 cum
803 1081 944 1130 Minturnis
957 1094 982 1131 et
997 1083 1090 1133 Vescia
1103 1085 1137 1134 ab
1154 1087 1184 1136 iis

146 1173 238 1230 capte,
252 1159 384 1230 deletaque
395 1163 529 1209 Ausonum
538 1175 617 1228 qens.-
632 1158 685 1208 Lir.
704 1159 755 1220 IX,
775 1160 815 1209 25.
832 1159 869 1208 Er
881 1159 974 1211 codem
989 1181 1084 1230 genere
1097 1163 1187 1215 bomi-

144 1259 191 1290 nes
203 1241 284 1292 fuisse
296 1256 402 1290 necesse
417 1249 471 1301 est,
492 1240 536 1308 qui
549 1237 609 1288 loca
623 1238 692 1288 intra
708 1238 872 1289 Lametinuru
890 1253 916 1290 et
932 1239 1078 1310 Scylaeium
1096 1245 1183 1296 sinum

145 1333 268 1383 tenuere,
286 1329 426 1388 antequam
447 1317 549 1388 Pelasgi
566 1315 689 1368 OEnotrii
708 1335 738 1367 ea
757 1320 921 1387 occuparint.
940 1320 1001 1369 l'ars
1021 1340 1112 1372 eorum
1132 1323 1185 1374 alia

146 1399 305 1470 Opimum,
320 1397 360 1450 vel
376 1398 510 1460 Oscorum,
523 1414 553 1447 ex
565 1395 675 1465 Opscis,
688 1414 784 1448 nomen
798 1396 907 1462 babuit,
926 1417 1038 1468 quorum
1050 1415 1184 1472 superstes

144 1477 180 1530 ad
194 1480 293 1530 seriora
307 1489 428 1548 tempora
443 1476 493 1526 luit
510 1494 635 1526 numerus
647 1495 696 1546 per
708 1476 768 1528 loca
779 1475 930 1546 Campaniae
942 1481 1062 1548 proxime
1075 1482 1183 1546 Asellis,

144 1555 215 1608 unde
228 1569 253 1607 et
265 1554 362 1627 linquoe
379 1554 447 1605 osee
458 1571 555 1604 nomen
566 1555 680 1617 mansit,
698 1571 778 1624 quam
789 1555 978 1626 Aboriginibus
991 1570 1016 1608 et
1033 1559 1184 1612 Ausonibas

143 1653 308 1687 communem
318 1633 413 1696 luisse,
426 1629 546 1701 adeoque
559 1632 656 1684 Latina
669 1647 755 1684 ortum
768 1632 871 1685 dedisse
885 1653 991 1686 necesse
1003 1639 1121 1690 estpars
1135 1641 1189 1691 Aus

144 1733 237 1765 sonum
254 1714 280 1764 io
293 1711 400 1764 Sabinos
412 1711 492 1778 abiit,
506 1730 566 1782 pars
584 1714 610 1763 in
627 1711 779 1778 Auruncos,
796 1713 869 1764 cultu
886 1713 931 1765 illa
947 1714 1095 1778 horridior;
1115 1721 1186 1772 facta

143 1793 242 1845 scilicet
254 1809 349 1864 magna
360 1791 419 1842 ritae
432 1803 457 1842 et
469 1809 572 1842 morum
583 1793 728 1844 mutatione
737 1794 750 1856 ,’
758 1792 803 1845 alii
816 1805 931 1844 veterem
944 1797 1113 1864 asperitatem
1125 1801 1187 1851 reti·

143 1891 240 1933 nuere;
261 1871 319 1924 aliis
337 1871 488 1922 Graecnrum
508 1871 673 1924 coloniarum
690 1885 759 1924 artes
779 1886 804 1923 et
826 1874 946 1924 instituta
967 1874 1186 1930 adsciscentibus.

141 1953 318 2005 Consentiunt
336 1970 396 2000 cum
409 1950 450 2002 bis
467 1951 528 2002 loca
539 1951 646 2002 Aristot.
661 1952 693 2004 de
706 1955 771 2022 Rep.
782 1953 846 2016 Vll,
867 1969 897 2004 ιο
914 1953 983 2020 qinom
995 1955 1020 2005 di
1033 1951 1060 2005 ei
1076 1953 1117 2011 nir
1131 1954 1187 2026 rryie

141 2025 180 2083 «ab
189 2028 307 2098 Tuiirrisr
321 2026 429 2089 Ὀπικοὶ,
442 2027 481 2077 usi
494 2025 615 2096 epirum,
630 2028 669 2078 rei
684 2031 720 2081 nir
734 2027 866 2093 nunov'prru
878 2051 916 2081 rur
934 2032 1064 2096 irrumpier
1081 2035 1185 2090 Αὔσονες,

144 2121 170 2160 et
180 2108 286 2178 Dionys.
298 2107 318 2169 l,
327 2123 358 2174 72
373 2123 404 2155 ex
415 2103 572 2170 Aristotele,
583 2103 684 2166 Ὀπικὶ,
696 2107 721 2156 in
732 2125 784 2176 qua
797 2108 912 2158 Latium.
925 2110 962 2158 Ex
971 2110 1088 2180 Tburytl.
1106 2115 1148 2174 Vl,
1162 2131 1184 2180 r,

143 2205 205 2237 cam
217 2185 324 2255 Dionys.
338 2183 365 2246 1,
378 2199 409 2234 aa
422 2181 536 2246 Siculos,
550 2184 612 2234 ilum
626 2183 719 2252 Opiros
724 2183 862 2254 fugerent,
877 2185 904 2234 in
912 2185 1030 2235 Siciliam
1045 2191 1184 2258 trajecisse:

147 2267 195 2318 etsi
207 2262 375 2334 Thucydides
386 2261 488 2314 Siculos
501 2263 528 2312 in
540 2263 666 2314 inleriore
680 2262 755 2313 ltalia
768 2265 916 2334 quesivisse
928 2265 1049 2330 ridetur,
1064 2270 1124 2336 quia
1136 2271 1188 2318 lta-

148 2345 184 2397 lia
195 2344 229 2395 ab
237 2343 333 2394 Grecis
347 2341 541 2412 antiquioribus
552 2339 584 2392 de
597 2355 713 2393 extrema
722 2354 797 2412 parte
806 2341 858 2391 dici
866 2342 984 2394 sollenne
995 2358 1058 2396 erat.
1070 2345 1186 2398 Omnino

146 2437 234 2478 sutem
245 2424 339 2473 mirum
350 2442 403 2474 non
417 2436 471 2488 est,
484 2423 510 2472 in
521 2434 596 2473 tauta
607 2421 768 2491 populorum
778 2423 937 2492 cognatione
947 2424 1054 2475 nomina
1067 2442 1187 2496 saepenu-

144 2523 219 2556 mero
230 2506 380 2576 promiscue
393 2505 466 2574 poni.

179 2583 219 2635 Ab
229 2583 280 2635 hac
294 2585 427 2634 communi
436 2583 571 2634 Ausonum
584 2583 663 2654 stirpe
675 2595 763 2635 ortum
775 2583 872 2636 duxere
882 2597 922 2635 tot
933 2583 1083 2638 nominibus
1093 2587 1187 2638 diuersi

143 2659 229 2712 Italioe
237 2658 334 2730 populi
342 2683 349 2710 .·
363 2663 485 2731 permixti
497 2660 604 2732 quidem
617 2661 654 2712 illi
667 2663 764 2733 passim
781 2680 840 2713 cum
853 2662 986 2734 Pelasgis,
999 2663 1061 2714 alibi
1074 2681 1133 2714 cum
1146 2665 1187 2716 Si-

144 2739 263 2790 culorum
274 2754 302 2791 et
319 2739 480 2791 Umbrorum
497 2740 630 2810 reliquiis,
648 2741 717 2792 forte
736 2742 815 2792 etiam
830 2759 889 2792 cum
908 2740 980 2804 aliis,
998 2741 1043 2810 qui
1059 2741 1185 2806 eGallis,

140 2816 296 2888 Liguribus,
311 2818 436 2869 Liburnis
450 2820 562 2888 aliisque
580 2818 675 2890 lllyrici
687 2823 791 2890 generis
803 2819 911 2889 populis
923 2819 975 2869 orti
988 2833 1081 2882 erant;
1095 2820 1185 2870 Auso-

142 2898 215 2946 nium
227 2910 315 2948 tamen
328 2917 425 2949 nomen
442 2897 541 2967 ubique
553 2896 603 2948 fuit
624 2900 759 2968 superius,
775 2910 800 2948 et
812 2899 935 2948 Ausoniae
954 2898 1061 2966 originis
1075 2899 1185 2967 vestigia

142 2995 262 3028 mansere
273 2977 371 3046 ubique
382 2995 436 3027 non
449 2977 571 3027 obscura.
584 2977 678 3027 Sabini
688 2977 805 3047 quidem,
817 2979 862 3046 qui
873 2997 904 3028 ea
916 2977 976 3027 loca
988 2975 1184 3040 inhabitabant,

141 3054 277 3123 inquibus
292 3053 413 3105 Ausones
426 3071 472 3105 seu
486 3053 642 3124 Aborigines
653 3055 759 3105 Umbris
775 3055 890 3124 expulsis
906 3066 1088 3104 successerant
1103 3051 1183 3122 (Dio-

143 3152 198 3205 nys.
209 3133 233 3192 1,
250 3131 288 3197 14.
303 3133 342 3195 11,
355 3133 397 3198 48.
411 3131 475 3202 49),
487 3150 537 3202 pro
550 3133 732 3183 vetustissimis
746 3135 802 3201 ejus
815 3135 904 3201 stirpis
914 3131 1022 3182 fuerunt
1034 3131 1117 3183 habiti
1130 3154 1136 3182 :
1151 3131 1187 3184 ad

145 3231 189 3264 eos
201 3201 328 3283 originem
340 3209 493 3262 releiebsnt
501 3211 632 3271 Picentes,
644 3209 767 3281 Peligni,
780 3211 943 3274 Marrucini,
959 3210 1074 3276 Vestini,
1087 3212 1185 3279 Marsi,

143 3289 226 3361 AEqui
233 3328 241 3354 ,
254 3283 387 3354 Hernici,
397 3289 533 3340 Samnites.
549 3292 572 3339 A
588 3289 750 3340 Samnitibus
763 3287 905 3352 Frentani,
924 3289 1050 3359 Hirpini,
1066 3289 1183 3356 Lucani,

144 3381 170 3420 et
183 3368 215 3419 ab
227 3367 269 3418 his
282 3367 380 3418 Bruttii
388 3381 579 3439 provenerant3
590 3388 606 3418 a
618 3367 780 3419 Samnitibus
790 3369 869 3418 etiam
881 3369 1020 3438 Campani,
1029 3370 1074 3438 qui
1085 3371 1186 3438 priscos

142 3447 263 3498 locorum
282 3445 399 3507 incolas,
419 3447 558 3497 Ausonum
571 3459 596 3498 et
616 3446 801 3497 Auruncorum
823 3448 953 3510 nominis,
972 3464 1031 3496 cum
1050 3446 1185 3528 Etruscis¹

143 3527 212 3598 agris
223 3527 319 3595 passim
328 3528 467 3595 ejecerant.
479 3527 635 3578 Accuratius
647 3526 702 3577 bac
715 3545 846 3598 exponere
857 3539 930 3577 tanto
939 3526 1114 3596 opportunius
1124 3527 1185 3599 fuit,

144 3625 197 3678 quo
210 3605 309 3672 multa,
326 3623 382 3676 qum
395 3608 421 3656 in
434 3607 606 3678 sequentibus
619 3605 653 3658 sd
665 3619 749 3676 poetis
764 3607 1010 3676 interpretationem
1022 3606 1184 3670 afferentur,

143 3687 199 3737 sine
213 3684 252 3736 his
265 3687 306 3735 rix
318 3684 428 3758 intelligi
442 3699 561 3756 possunt.

179 3763 311 3815 Habemus
322 3766 377 3833 jam
394 3783 559 3818 communem
573 3765 684 3818 Ausonii
699 3766 802 3836 generis
822 3765 946 3834 stirpem,
959 3761 993 3814 de
1007 3765 1081 3832 cujus
1099 3783 1186 3814 remo-

143 3844 211 3895 tiore
223 3843 324 3913 origine
337 3843 488 3914 inquirendi
500 3844 574 3896 locus
589 3862 659 3896 nunc
671 3861 725 3895 non
737 3857 791 3903 est;
805 3845 853 3894 etsi
867 3841 985 3912 proclive
1001 3852 1040 3891 est
1053 3859 1067 3891 a
1079 3839 1183 3893 Celticis

142 3921 250 3993 populis
263 3940 321 3972 eam
334 3936 461 3993 repetere.
472 3923 513 3974 Ad
525 3925 651 3996 Ligures,
667 3923 797 3975 lbericum
808 3939 907 3994 genus,
923 3921 985 3972 olim
999 3939 1057 3971 eam
1070 3921 1182 3973 retulere

143 4003 286 4073 scriptores
299 4001 371 4072 apud
386 4003 495 4075 Dionys.
509 4003 536 4069 l,
557 4004 709 4076 103Verum
721 4021 770 4054 nec
785 4000 887 4053 deliniri
902 4001 1041 4070 quicquam
1054 4001 1081 4050 in
1095 4019 1184 4070 agres-

145 4083 338 4160 tium-gentium
350 4083 497 4156 originibus
508 4096 562 4138 tem
572 4085 686 4156 antiquis
696 4094 797 4158 potest,
808 4099 856 4134 aee
869 4079 904 4132 ad
915 4099 1006 4146 unum,
1017 4077 1064 4129 sed
1077 4077 1110 4130 etl
1122 4078 1187 4150 plu·

235 4178 261 4231 3.
1030 4175 1062 4243 ²4
