3028 4682
271 341 334 423 na
615 349 883 420 uxoousus
905 357 957 422 xi

271 463 408 518 Plutonem
426 465 558 534 exhihuit,
578 488 638 522 cum
651 471 823 545 Proserpina,
843 491 873 529 ut
893 480 986 533 Jovem
998 493 1025 535 et
1035 483 1167 540 iunonem
1180 507 1194 542 e
1206 490 1310 561 superis

270 543 446 597 aemularetur.
459 547 552 600 Pinnas
565 548 685 622 infligunt
695 557 763 626 regis
770 558 845 624 jussu
860 557 1001 631 Erinnyas,
1014 581 1038 614 v.
1052 582 1075 616 c.
1088 563 1164 618 tli'ad.
1178 589 1199 630 ι,
1213 569 1264 622 565
1274 598 1310 608 -

269 619 330 690 567.
344 623 445 677 Pabula
455 627 523 678 adeo
533 627 566 680 de
580 631 654 682 trinis
663 632 800 702 judicibus
809 637 955 690 inferorum
964 654 1026 710 post
1036 641 1177 698 Homerum
1187 685 1195 712 ‚
1205 648 1273 698 forte
1283 661 1311 700 et

268 712 330 768 post
341 702 481 756 Pindarum
494 708 708 772 inventaes13eo
722 731 776 763 avo
785 713 932 786 adoptata,
947 736 1029 789 quum
1043 739 1116 792 reges
1127 741 1181 775 non
1194 725 1309 796 amplius

268 778 320 846 ipsi
327 779 563 850 jusdioerent‚sed
572 785 668 840 darent
676 790 794 859 judices;
805 807 851 846 aut
864 813 945 866 quum
958 798 985 848 in
998 800 1148 852 civitatibus
1156 801 1261 854 Graeciae
1265 806 1312 874 ju-

270 853 342 908 dices
355 859 445 914 selecti
458 867 690 920 constituerentur.
703 868 729 921 Si
741 872 858 924 Minoem
871 887 896 926 et
913 874 1146 932 Rhadamanthum
1157 881 1235 934 Creta
1251 901 1310 936 esse

269 937 399 991 oriundos
411 958 532 1014 reputes,
541 965 556 998 a
566 947 750 1015 Cretensibus,
761 951 801 1004 vel
816 973 830 1004 a
843 967 923 1026 pocta
933 956 1037 1026 aliquo,
1052 961 1097 1029 qui
1105 959 1221 1014 Creticae
1231 963 1312 1014 fabu-

267 1010 308 1064 las
321 1032 436 1072 sectatus
447 1036 520 1088 erat,
532 1027 648 1097 primum
657 1046 702 1080 eoa
713 1031 741 1081 iu
750 1031 869 1084 Plutonis
881 1052 963 1106 regno
970 1036 1074 1106 judices
1083 1042 1242 1091 constitutos
1252 1059 1311 1094 essa

268 1095 398 1164 suspicari
410 1097 480 1152 licet.
493 1104 588 1156 AEacus
601 1125 664 1159 varo
678 1108 786 1162 ultimus
799 1115 1001 1180 accessit‚forte
1017 1116 1050 1168 ah
1063 1119 1204 1170 Homerico
1217 1119 1309 1191 aliquo

267 1186 349 1241 poeta
360 1193 529 1250 surrogatus,
543 1185 570 1235 in
578 1187 688 1239 Acltillis
701 1188 844 1256 honorem,
855 1195 930 1262 eujus
941 1213 1006 1246 avus
1016 1198 1184 1249 eratAEarus.
1193 1200 1221 1250 io
1233 1202 1310 1251 Axio·

269 1251 334 1318 cho,
346 1253 400 1308 duo
414 1271 516 1314 mutum
533 1265 560 1315 iu
573 1267 676 1338 Campo
693 1271 817 1324 Veritatis
830 1274 923 1326 sedent
932 1275 1050 1344 judices,
1063 1278 1149 1330 Minos
1166 1291 1193 1330 et
1203 1281 1311 1332 illiade-

267 1335 392 1390 manthos
403 1363 410 1402 ;
424 1355 451 1394 at
463 1344 491 1395 iu
503 1345 602 1418 Gorgia
615 1350 657 1420 (p.
673 1349 723 1420 357
735 1352 766 1402 Δ.
777 1354 832 1404 Fri.
843 1353 933 1427 Steph.
946 1375 973 1427 p.
986 1357 1037 1423 524
1048 1359 1098 1429 D.)
1112 1373 1181 1411 tres:
1195 1363 1309 1414 Asianos

268 1414 376 1484 quidem
383 1421 487 1489 judicat
498 1425 736 1497 Rhadamanthus,
746 1433 890 1505 Europaeos
900 1439 1009 1502 AEacus‚
1020 1439 1107 1490 Minos
1118 1455 1206 1492 autem
1219 1441 1311 1493 irrideu-

268 1497 347 1564 apr'ru,
361 1509 527 1576 recognoscit
540 1520 566 1558 at
579 1511 646 1582 regit
655 1511 758 1581 judicia
770 1515 897 1578 istorum
920 1529 945 1569 et
958 1518 985 1568 in
997 1518 1112 1592 Apolog.
1128 1520 1201 1573 Socr.
1212 1522 1262 1574 sub
1273 1525 1308 1587 ἱ,

268 1593 329 1628 cum
342 1581 426 1634 trihus
438 1584 490 1636 illis
505 1587 685 1658 Triptolemus
697 1603 723 1644 et
738 1591 783 1644 alii
801 1592 910 1662 heroes,
924 1599 970 1667 qui
983 1600 1054 1666 juste
1066 1602 1200 1668 vixerunt,
1207 1602 1311 1671 judicia

268 1668 337 1707 inter
350 1677 450 1715 animas
463 1680 593 1720 exercent.

303 1737 363 1789 Post
375 1739 423 1793 hos
437 1763 542 1811 omnes,
553 1765 623 1799 nora
635 1749 738 1800 ratione
751 1751 877 1823 Virgilius
886 1754 1016 1824 judicium
1030 1757 1082 1810 hoc
1095 1778 1126 1810 cx
1136 1761 1256 1812 Romano
1263 1763 1311 1832 ju·

267 1814 397 1874 diciorum
411 1843 484 1878 more
497 1828 611 1879 ordinat.
632 1831 662 1879 lu
677 1848 771 1883 caussa
790 1835 899 1903 capitali
911 1836 994 1906 judex
1009 1841 1159 1910 quaestionis
1170 1841 1242 1894 sedet
1262 1861 1310 1895 seu

267 1913 379 1967 prator,
393 1908 533 1975 quaesitor,
544 1911 586 1960 cui
595 1927 626 1962 ea
637 1913 747 1980 quaestio
760 1926 830 1965 sorte
843 1914 938 1987 obtigit
951 1920 961 1984 (
967 1936 1028 1968 nam
1039 1918 1072 1970 de
1081 1923 1224 1989 quastione
1237 1934 1310 1973 extra
1322 1965 1324 1970 ,

269 1977 389 2034 ordinem
403 1987 527 2040 mandata
540 1988 650 2042 hicnon
664 1993 786 2062 agitur),
799 1996 853 2046 sive
866 1998 901 2060 is,
915 1999 957 2048 cui
976 1997 1021 2050 ille
1042 1999 1174 2070 delegavit
1187 2005 1309 2071 quastio-

268 2075 337 2110 nem.
352 2062 482 2118 Adsideat
495 2069 518 2119 ei
524 2069 626 2140 judiees
638 2069 741 2136 selecti,
755 2074 814 2143 qui,
828 2077 967 2129 sortitione
977 2080 1114 2129 nominum
1127 2097 1157 2131 ex
1168 2079 1282 2133 decuriis
1294 2100 1311 2133 a

267 2139 358 2207 judice
371 2148 522 2214 quaestionis
535 2150 624 2214 facta,
636 2169 735 2204 caussae
748 2156 844 2224 cuique
855 2159 1030 2228 contigerunt.
1040 2159 1060 2208 F
1062 2159 1080 2209 it
1086 2159 1231 2230 judicium,
1241 2175 1267 2212 et
1276 2160 1310 2214 da

269 2237 363 2272 caussa
376 2229 554 2297 cognoscitur.
575 2230 657 2281 Audit
676 2233 809 2300 Quaesitor
824 2233 941 2288 direntes
963 2255 1099 2302 caussam,
1114 2240 1312 2310 interrogantur

267 2309 347 2352 testes
359 2303 492 2379 (uitasque
508 2312 653 2363 etei-imina
664 2311 753 2375 discit,·
767 2333 827 2366 uam
844 2317 951 2382 docere,
972 2319 1067 2370 discere
1076 2355 1084 2382 ,
1106 2336 1176 2371 nosse
1192 2337 1310 2385 annuus,

267 2381 399 2435 vocabula
405 2386 473 2452 juris
485 2393 595 2460 propria
606 2393 678 2464 sunt)
686 2406 693 2454 ;
702 2395 843 2445 mittuntur
847 2395 952 2464 judices
965 2399 992 2448 iu
1004 2396 1157 2462 consilium,
1167 2398 1310 2469 feruntque

267 2465 433 2514 seutentiam.

301 2538 343 2589 Ad
355 2527 427 2593 hunc
438 2545 528 2615 itaque
541 2548 649 2599 modum
663 2564 742 2620 poeta
755 2553 851 2604 faciem
858 2553 953 2623 judicii
967 2557 1113 2608 constituit.
1123 2555 1266 2608 Videamus
1275 2557 1309 2610 do

269 2625 385 2694 singulis.
399 2629 455 2681 Nec
465 2651 523 2684 vero
538 2632 642 2688 iasine
653 2650 719 2690 sorte
734 2641 816 2708 thiar,
831 2642 999 2712 siaejudice,
1014 2644 1093 2709 sedes,
1106 2644 1153 2696 sed
1165 2646 1254 2716 potius
1263 2647 1310 2714 ju·

268 2703 357 2756 dicum
369 2713 463 2762 sortito
473 2711 597 2768 datorum
610 2720 756 2771 sentcntiis.
771 2723 838 2772 Hine
853 2722 980 2792 Qaoesitor
990 2724 1079 2777 Minos
1097 2741 1189 2776 urnam
1207 2735 1291 2776 mouet
1299 2763 1309 2791 ,

268 2786 378 2838 sortitur
385 2789 498 2858 judices.
511 2795 582 2848 Male
594 2796 646 2850 hoc
660 2799 693 2850 ad
706 2819 858 2852 caussarum
879 2805 1044 2856 sortitionem
1055 2807 1173 2858 referunt
1191 2803 1311 2866 Servius,

267 2863 396 2936 llompon.
415 2870 493 2941 sab„
506 2888 532 2927 ct
553 2877 605 2929 alii.
624 2879 730 2930 Poterat
742 2880 783 2930 rel
799 2881 903 2932 Seneca
916 2883 1029 2934 imitatio
1049 2895 1166 2936 errantes
1182 2901 1310 2936 revocare

267 2941 345 2995 Herc.
357 2947 408 3001 fur.
424 2951 470 3021 73¹
482 2976 488 3003 :
501 2955 560 3007 Non
574 2975 640 3008 unus
650 2955 705 3008 alta
713 2959 771 3010 sede
782 2961 906 3031 quaesitor
915 2961 1013 3027 sedens,
1023 2962 1130 3014 iudicia
1142 2961 1247 3032 trepidis
1255 2979 1311 3013 sera

268 3025 377 3076 sortitur
388 3030 443 3083 reis.
454 3032 552 3084 Aditur
560 3031 607 3085 iiio
623 3036 744 3089 Gnossius
755 3036 845 3090 Minos
851 3038 933 3108 foro,
945 3038 1162 3092 Rhadamanthus
1172 3038 1234 3103 illo,
1246 3037 1312 3092 Tae·

267 3100 327 3155 udis
340 3103 389 3158 lior
397 3111 557 3165 auditsocer.
569 3113 609 3166 Ad
620 3117 786 3168 sortitionem
798 3137 968 3180 caussarum,
983 3139 1036 3191 quo
1049 3120 1143 3174 ordine
1154 3119 1311 3172 inducenda

267 3181 332 3250 siut,
343 3191 451 3260 respicit
463 3192 533 3244 idem
540 3193 632 3264 Agam.
646 3195 680 3261 24
692 3215 802 3266 quos-
812 3199 1011 3268 Quoesitorurna
1024 3199 1144 3267 cnossi-us
1157 3209 1238 3250 venat
1247 3215 1309 3249 reos.

267 3259 340 3315 ldem
354 3268 407 3320 alio
419 3269 480 3323 loco
492 3294 498 3323 :
510 3273 561 3342 578
571 3284 596 3323 et
612 3275 758 3346 qut'fronte
771 3277 848 3329 nimis
860 3278 972 3329 crimino
983 3278 1072 3330 tetrica
1089 3277 1214 3346 Quaerant
1227 3293 1258 3325 ac
1268 3293 1312 3326 ve·

268 3348 331 3394 teres
342 3350 541 3402 excutiuntreos
548 3389 558 3416 ,
571 3350 673 3406 Flentes
683 3353 835 3426 Eurydicen
844 3357 954 3426 juridici
964 3361 1059 3409 sedent.
1071 3355 1112 3408 Sic
1121 3373 1228 3427 quoque
1237 3353 1311 3426 apud

267 3419 433 3496 Propertium
445 3431 541 3484 AEacus
553 3433 627 3486 sedet
638 3437 776 3504 quasitot,
786 3448 812 3488 et
831 3439 939 3487 sortitur
950 3436 1052 3508 judices
1066 3459 1071 3486 :
1085 3437 1129 3502 lv,
1146 3453 1185 3499 rt,
1200 3452 1242 3504 19:
1259 3436 1312 3486 Del

264 3515 343 3573 pater
353 3505 396 3559 hic
406 3511 503 3563 umhroe
511 3511 670 3585 molliap'ura
684 3534 746 3566 mcoe
756 3514 844 3585 (l'luto
855 3518 946 3568 mitem
954 3517 987 3568 de
996 3535 1037 3568 me
1047 3517 1202 3568 sententiam
1216 3514 1309 3584 forat):

267 3580 322 3634 Aut
332 3586 355 3637 si
366 3589 425 3658 quis
433 3590 601 3663 positajuxta
613 3595 682 3644 sedet
697 3595 794 3646 AEucus
810 3614 895 3660 urna,
909 3595 941 3646 Iu
954 3613 1011 3645 meu
1023 3595 1114 3647 sortita
1125 3594 1239 3646 vindicet
1256 3611 1310 3680 ossa

265 3661 323 3732 pila
335 3664 377 3735 (h.
391 3683 436 3719 aut
450 3673 574 3742 quaesitor
584 3672 618 3724 ab
633 3692 664 3725 eo
675 3687 748 3726 extra
760 3674 881 3726 ordinem
892 3673 969 3725 datus
982 3687 1126 3746 cognoscat
1136 3673 1169 3724 de
1182 3692 1223 3724 me
1235 3693 1240 3722 :
1247 3668 1309 3761 qula

266 3744 355 3794 sortita
368 3746 401 3799 de
413 3753 552 3804 sortitione
561 3751 682 3823 judicum
697 3755 782 3821 facta,
795 3755 856 3824 pilis
874 3757 900 3805 iu
914 3773 1006 3806 urnam
1018 3755 1153 3824 conjectis.
1169 3753 1195 3806 V
1195 3751 1311 3844 indum

268 3822 295 3873 in
308 3841 360 3876 ossa
373 3827 517 3883 insolenter
529 3831 644 3896 dictum,
653 3846 683 3884 ut
698 3835 750 3886 alia
761 3853 776 3886 a
789 3835 953 3904 Propertio).
967 3833 1310 3904 Assideautfrntreujuxta

267 3903 372 3954 Minoia
383 3905 463 3970 sello‚·
476 3920 502 3960 et
510 3911 689 3964 Eumenidum
701 3916 800 3966 intento
813 3915 887 3966 turha
899 3933 985 3968 severa
993 3915 1065 3986 foro.
1079 3915 1149 3984 (Sint
1163 3927 1309 4000 assessores

268 3983 363 4036 fratros
374 3985 593 4043 Rhadamanthus
606 4005 632 4044 et
643 3993 729 4046 Minos
743 4017 748 4044 :
767 3995 786 4046 l.
802 3994 860 4044 fuit.
873 3994 1186 4066 Assidearfrawrsifflss
1206 4001 1231 4042 ‘l
1251 3989 1308 4039 Mt·
1348 4069 1350 4074 ,

269 4064 329 4114 troia
343 4063 422 4132 setta,
435 4084 472 4118 sc.
486 4069 520 4119 sit
527 4105 537 4136 ,
550 4083 616 4139 stet,
628 4090 678 4143 pro
691 4075 751 4144 ipso
760 4075 862 4148 stine).
876 4077 957 4128 Porro
970 4075 1101 4142 Quaesitor
1110 4073 1199 4124 Minos
1209 4107 1218 4141 ‚
1228 4081 1308 4122 som-
