2996 4694
270 407 310 484 bl
518 405 552 467 r.
576 395 807 469 vmcmn
830 405 1060 472 Minurus

268 527 433 614 Namque,
447 525 559 590 furens
570 527 685 605 animi,
700 525 780 590 dum
791 549 923 614 prorem
934 526 975 591 ad
988 551 1062 592 sexa
1074 527 1255 618 suburguet

269 633 424 712 Interior,
437 634 609 722 spatioque
622 633 710 698 subit
720 634 889 721 Sergestus
901 635 1033 724 iniquo,

269 740 387 802 Infelix
399 739 481 803 suxis
494 740 527 801 in
538 739 808 827 procurrentibus
820 737 923 803 baesit.

269 833 444 909 Concussae
456 861 580 924 cautes,
596 863 628 910 et
639 863 735 910 scuto
749 847 782 909 in
794 846 920 910 murice
931 847 1014 910 remi

268 949 387 1014 Obnixi
401 973 573 1040 crepuere,
587 949 747 1041 inlisaque
759 974 858 1039 prora
868 950 1036 1039 pependit.

269 1059 479 1146 Consurgunt
491 1075 611 1135 nautae,
626 1076 659 1122 et
671 1079 789 1144 magno
801 1057 945 1123 clamore
955 1075 1143 1140 merentum

269 1167 483 1253 Ferratusque
495 1163 608 1230 trudes
621 1181 654 1229 et
665 1181 759 1229 acute
771 1161 908 1251 cuspide
920 1181 1036 1228 contos

269 1269 470 1358 Expediunt‚
484 1271 671 1358 fractosque
682 1269 796 1356 legunt
809 1271 842 1332 in
855 1269 983 1356 gurgite
995 1291 1114 1334 remos.

232 1364 233 1372 ἵ
268 1382 311 1442 At
322 1378 414 1440 laetus
426 1374 635 1454 Mnestheus,
649 1395 869 1462 successuque
881 1375 988 1438 acrior
1000 1375 1088 1462 ipso,
1265 1401 1310 1436 210

269 1483 407 1570 Agmine
419 1503 587 1545 remorum
599 1481 712 1558 celeri,
726 1479 899 1567 ventisque
911 1481 1049 1560 vocatis,

269 1589 377 1651 Prone
387 1587 470 1674 petit
482 1587 597 1665 marie,
611 1603 643 1649 et
655 1585 772 1672 pelago
785 1582 931 1648 decurrit
942 1603 1066 1674 aperto.

266 1693 383 1775 Qualis
395 1691 551 1780 spelunca
563 1690 673 1755 subito
685 1707 839 1756 conmote
851 1689 1017 1770 columbe,

270 1800 332 1863 Cui
345 1797 463 1864 domus
475 1816 508 1863 et
520 1796 633 1862 dulces
645 1795 809 1862 latebroso
822 1798 855 1861 iu
868 1799 1000 1887 pumice
1011 1796 1096 1878 uidi,

269 1907 389 1968 Fertur
400 1905 434 1968 in
446 1925 522 1969 arve
534 1903 661 1992 volens,
675 1903 894 1994 plausumque
908 1905 1060 1970 exterrita
1070 1906 1187 1993 pennis
1266 1921 1310 1966 215

303 2112 355 2143 202.
362 2096 446 2159 furem
454 2102 534 2144 antuus
545 2098 636 2162 aliquot
644 2100 705 2146 Pier.
718 2101 756 2146 Sic
766 2101 807 2146 inl.
819 2100 861 2147 lib.
872 2100 940 2158 l'lll,
953 2102 1005 2149 228.
1017 2100 1063 2148 Sed
1072 2104 1142 2146 animi
1149 2101 1218 2147 codd.
1229 2115 1311 2162 agnos-

271 2179 328 2213 cunt
340 2180 363 2212 et
374 2168 479 2216 Arusian.
492 2171 561 2216 Mese.
572 2183 595 2216 et
606 2173 719 2218 sermonis
729 2170 851 2234 elegantia.
864 2175 938 2220 amum
950 2173 1011 2219 sud.
1029 2189 1041 2217 a
1052 2187 1082 2216 m.
1095 2188 1131 2234 pr.
1141 2171 1195 2216 dum
1205 2187 1273 2234 prom
1281 2171 1313 2214 cd

270 2255 289 2286 s.
299 2239 422 2304 suburquet
435 2243 531 2289 Interu‘or
542 2243 630 2306 legeret
641 2245 754 2308 Pompon.
766 2245 818 2290 Sab.
832 2244 856 2290 b.
869 2262 889 2292 e.
901 2245 1030 2308 suburguet
1040 2259 1077 2300 se,
1089 2244 1257 2306 suburguetur,
1269 2246 1314 2288 im-

269 2309 374 2372 pellitur.
386 2311 455 2371 Quod
468 2314 559 2360 doctius
571 2314 711 2362 dictumest.
723 2324 828 2380 perurqet
837 2332 883 2363 sec.
894 2316 1003 2362 Rotteud.
1013 2327 1057 2363 eta
1070 2333 1104 2378 pr.
1117 2331 1148 2360 m.
1159 2315 1206 2360 llrl.
1216 2339 1247 2352 -
1259 2313 1311 2369 rol·

269 2381 465 2442 procumbentibus
476 2386 542 2432 Leid.
558 2399 581 2432 et
593 2385 662 2431 Goth.
670 2403 730 2442 see,
742 2401 768 2433 ut
776 2389 820 2433 inl.
831 2389 874 2444 xl,
888 2387 1070 2444 serveriacum,
1081 2403 1125 2433 nee
1137 2385 1245 2448 displicet
1255 2385 1313 2430 Bm·-

269 2463 364 2494 manno.
383 2452 443 2497 blibi
458 2465 536 2500 tamen
547 2454 627 2516 paullo
643 2459 745 2503 coactius
760 2470 784 2504 et
800 2469 886 2504 temere
899 2475 911 2503 a
923 2457 1018 2502 librario
1034 2469 1134 2502 erratum
1150 2471 1200 2502 este
1211 2455 1311 2502 ridetur.

269 2541 302 2551 -
311 2520 363 2564 205.
376 2522 399 2563 in
408 2521 472 2568 abest
482 2522 590 2569 aZuliob
601 2524 671 2569 Goth.
683 2541 729 2572 sec.
740 2537 763 2571 et
771 2527 818 2571 Erf.
828 2552 859 2562 -
868 2527 921 2572 208.
932 2527 1006 2571 trudes
1017 2527 1096 2570 lleins.
1105 2541 1150 2571 sec.
1162 2539 1214 2571 suos
1224 2538 1247 2570 et
1258 2526 1313 2570 Pie·

269 2585 358 2640 rianos3
377 2589 436 2632 Sunt
450 2591 525 2635 tmdes
539 2595 602 2637 conti
617 2605 684 2638 acuta
694 2594 804 2656 cuspide,
824 2611 836 2640 ι
848 2595 980 2650 trudendo,
1001 2597 1044 2640 etsi
1057 2597 1089 2639 eie
1103 2591 1190 2657 syllabe
1206 2591 1313 2654 longeio

269 2653 364 2700 breuem
374 2657 458 2704 abierit
469 2673 563 2707 necesse
576 2673 617 2707 eet.
627 2663 656 2710 At
664 2664 731 2708 sudes
743 2677 818 2710 servat
827 2664 913 2710 Medic.
926 2664 1008 2709 llumb.
1023 2679 1069 2709 tec.
1083 2675 1105 2708 et
1117 2680 1128 2708 a
1141 2679 1171 2707 m.
1185 2677 1230 2708 sec.
1243 2663 1312 2706 blon-

270 2721 326 2769 talb.
340 2751 371 2760 -
386 2741 438 2773 uro.
452 2729 482 2774 Et
502 2730 589 2776 Medic.
607 2749 620 2778 ι
634 2749 664 2777 m.
676 2749 712 2795 pr.
724 2735 775 2778 Aut
785 2733 843 2780 alter
855 2733 937 2779 llemb.
952 2733 991 2780 illo
1003 2735 1069 2780 leid.
1086 2747 1109 2780 et
1124 2732 1183 2779 alter
1195 2732 1265 2778 Goth.
1281 2757 1313 2768 -

271 2791 323 2847 erl.
343 2797 366 2838 in
382 2795 446 2842 deest
462 2798 529 2846 elteri
543 2801 624 2847 llamb.
639 2806 662 2847 r'u
672 2807 759 2868 quryite
773 2821 786 2850 a
800 2821 831 2851 m.
846 2819 892 2850 sec.
907 2803 997 2852 Zulicb.
1011 2830 1042 2842 -
1055 2806 1106 2851 215.
1122 2801 1257 2868 pulsumque
1273 2803 1311 2850 etl.

270 2862 382 2912 Commel.
395 2871 469 2932 pinnis
485 2873 551 2917 Rom.
562 2873 648 2922 Medic.
662 2888 685 2922 et
695 2876 755 2922 Gud.

270 3057 429 3100 reverterent
436 3047 605 3103 Centaurum.
621 3053 764 3107 interiore.
817 3057 879 3108 totis
889 3058 1084 3110 remis-211.
1101 3053 1183 3107 uentis
1198 3053 1311 3117 vocatis,

271 3125 764 3204 adv.187sputioiniquo‚augusto.
815 3140 937 3208 expausis
957 3138 1036 3203 velis,
1057 3155 1082 3188 v.
1102 3153 1160 3206 sup.
1182 3136 1231 3199 lll‚
1250 3134 1309 3186 253.

270 3205 305 3255 el.
317 3205 380 3258 Stat.
393 3207 478 3260 Theb.
488 3211 539 3276 Vl,
552 3212 604 3278 440
613 3231 652 3283 sq.
663 3232 766 3280 murex,
813 3235 899 3288 prona
922 3218 1024 3283 maria,
1046 3218 1074 3268 iu
1098 3216 1195 3288 quibus
1219 3228 1311 3266 cursus

268 3283 373 3338 Servius
385 3309 390 3336 :
401 3289 458 3339 saxi
471 3307 583 3340 acumen
595 3292 712 3345 eminens
719 3313 768 3365 per
815 3315 915 3368 pronus
929 3316 959 3350 oc
970 3297 1040 3350 celer
1051 3298 1107 3348 sine
1120 3293 1310 3365 impedimento

268 3367 489 3440 tranquillitatem
510 3369 572 3440 (hoc
594 3390 625 3424 ex
647 3391 672 3423 r.
696 3375 764 3446 ιη).
815 3377 856 3439 lit3
869 3377 939 3430 idem
951 3389 1070 3450 apertum
1081 3373 1197 3447 pelagus.

270 3446 339 3500 illisa
357 3451 485 3522 pependit
501 3468 551 3522 pro
574 3453 677 3524 vulgari
697 3453 767 3507 illisa
852 3445 1312 3526 213—217.autunum-imit»

269 3540 321 3588 ειη
335 3530 514 3610 sedecorius,
528 3533 601 3603 quod
611 3535 731 3588 sublimis
741 3550 767 3588 et
815 3537 891 3589 llied.
904 3555 935 3602 φ,
952 3537 1011 3605 494·
1028 3533 1079 3603 495
1092 3533 1249 3602 0¹Pf⁶⁵⁸l⁸⁵⁰
1261 3550 1312 3602 Pu·

269 3624 398 3676 suspensa
409 3615 525 3677 nutavit,
535 3613 642 3666 libravit
652 3633 716 3668 sese.
731 3618 765 3667 cf.
816 3629 900 3678 tetum
918 3629 945 3668 at
957 3625 1057 3684 quanto
1072 3614 1203 3664 ornatius!
1221 3613 1312 3663 domm

269 3685 318 3736 inl.
331 3686 354 3734 X
365 3722 374 3748 ‚
387 3687 454 3752 303,
473 3693 533 3758 304.
552 3693 648 3745 Sumsit
663 3694 697 3746 eb
709 3697 767 3744 Vir·
816 3705 842 3746 et
853 3695 939 3748 dulces
950 3693 1052 3745 uidi-
1063 3705 1089 3744 et
1106 3703 1210 3744 tectum.
1227 3703 1312 3742 exter-

269 3765 333 3836 gilio
345 3763 402 3815 brec
416 3768 508 3820 eedem
520 3773 597 3823 Silius
609 3775 697 3836 XVII,
716 3775 762 3825 281
817 3773 867 3824 ritu
882 3784 963 3838 tecto,
977 3773 1022 3823 dat
1030 3773 1124 3842 pennis
1134 3771 1257 3843 plausum
1271 3771 1312 3822 iu-

270 3859 330 3913 sqq.
347 3861 449 3913 -eop
467 3863 626 3916 momumr,
647 3851 763 3912 liet-eun
812 3861 933 3923 pentem,
958 3871 1017 3903 curn
1041 3849 1103 3902 inde
1126 3848 1217 3901 volatu
1238 3849 1312 3902 abire

271 3926 370 3994 quippe
390 3924 453 3976 dum
469 3946 563 3981 navem
584 3945 655 3984 retro
674 3943 764 4002 agunt.
815 3944 900 4000 paret.
918 3933 987 3984 Bene
1003 3934 1131 4002 Pompou.
1148 3929 1215 3981 Seb-
1232 3947 1312 3980 «cum

270 4002 372 4066 triades,
385 4017 487 4056 contos.
498 4025 524 4057 v.
537 4010 599 4060 Ver.
612 4003 689 4062 Lect'
814 4011 908 4078 incipit
917 4011 1007 4063 volare
1018 4009 1155 4073 columba,
1166 4009 1211 4060 dot
1220 4012 1311 4082 ingen·

307 4096 365 4132 210.
378 4083 484 4154 agmine
495 4103 641 4153 remorum,
659 4101 765 4155 ornate,
815 4102 868 4140 tem
878 4092 1029 4160 strepitum
1042 4088 1103 4144 iude
1116 4091 1152 4141 ite
1163 4091 1252 4160 quieta
1262 4105 1310 4138 vo·
