3022 4682
296 409 355 488 ria
537 401 572 464 P.
595 399 827 464 VIRGILII
850 402 1080 471 Mauortis

290 529 373 592 Nam
384 541 440 588 tua
452 522 596 598 finitimi,
610 522 709 610 longe
721 521 852 612 lateque
864 547 925 612 per
936 525 1034 590 urbes

290 631 450 717 Prodigiis
462 630 525 693 aeti
537 627 736 708 caelestibus,
751 650 823 694 ossa
835 629 989 717 piabunt3

289 739 332 802 Et
343 752 486 801 statuent
499 733 677 811 tumulum,
692 750 725 798 et
736 735 864 799 tumulo
877 735 1048 802 sollemnia
1060 738 1206 821 mittent;
1284 753 1330 802 380

291 845 526 929 AEternuntque
539 839 631 903 locus
644 839 787 902 Palinuri
800 863 922 904 nomen
935 839 1079 906 habebit.
1092 873 1105 902 u

293 949 352 1013 His
365 947 459 1012 dictis
472 968 559 1010 curae
572 959 703 1024 emota,
717 944 899 1034 pulsusque
911 970 1089 1035 parumper

293 1054 401 1120 Corde
414 1053 509 1118 dolor
519 1053 603 1116 tristi
616 1075 623 1114 :
638 1050 759 1139 gaudet
770 1053 967 1140 cognomine
979 1071 1075 1119 terra.

338 1162 425 1248 Ergo
438 1160 500 1224 iter
512 1159 680 1244 inceptum
692 1174 869 1246 peragunt,
883 1157 1052 1248 fluvioque
1065 1162 1298 1251 propinquant.

292 1267 408 1331 Navita
421 1286 503 1353 quos
512 1263 580 1352 jam
593 1259 671 1326 inde
684 1277 721 1328 ut
732 1261 840 1351 Stygia
851 1264 1020 1351 prospexit
1032 1262 1073 1328 ab
1086 1263 1175 1329 unda
1288 1277 1333 1327 stt

295 1375 357 1438 Per
369 1371 502 1435 tacitum
517 1391 632 1432 nemus
645 1369 707 1444 ire,
721 1366 909 1457 pedemque
921 1367 1092 1432 advertere
1105 1371 1200 1459 ripae3

295 1481 347 1544 Sic
358 1479 450 1567 prior
460 1473 652 1562 adgreditur
664 1473 774 1553 dictis,
788 1491 888 1564 atque
900 1475 1048 1562 increpat
1059 1475 1166 1541 ultro:

300 1614 314 1642 tt
324 1583 480 1672 Quisquis
494 1603 543 1659 es,
557 1596 700 1644 annatus
713 1581 770 1668 qui
783 1597 894 1644 nostra
906 1579 947 1645 ad
961 1579 1096 1646 ilumina
1109 1582 1231 1664 tendis,

298 1694 379 1755 Fare
391 1711 464 1775 age,
479 1685 561 1775 quid
572 1686 700 1766 venias;
709 1685 777 1777 jam
791 1686 887 1750 istinc
899 1703 931 1749 et
943 1686 1112 1775 conprime
1125 1711 1283 1776 gressum.

326 1839 379 1902 378.
392 1841 463 1884 Recte
475 1837 584 1883 adversus
596 1835 771 1890 Marklandutn,
784 1837 825 1899 qui
837 1836 867 1881 ad
879 1837 935 1882 Stat.
947 1837 968 1878 V
980 1834 1036 1881 stlv.
1049 1835 1072 1882 3.
1096 1851 1137 1899 ¹²7
1150 1837 1274 1885 absurdunt
1287 1855 1339 1888 csse

297 1911 485 1973 aiebatfint'timos
495 1909 539 1954 dici
551 1905 613 1971 lonqe
625 1905 714 1971 lateque
725 1905 866 1962 habitantes,
877 1905 955 1952 locum
967 1919 1046 1953 tuetur
1057 1909 1092 1954 vir
1104 1908 1186 1956 doctus
1197 1926 1234 1972 sp.
1246 1912 1339 1967 Barim,

294 1982 377 2029 ordine
389 1981 512 2026 verborum
524 1981 554 2024 ita
568 1979 686 2024 instituto:
695 1978 790 2040 finitimi
799 1981 845 2022 acti
853 1978 960 2041 prodiqiis
970 1975 1096 2023 celestibus
1115 1977 1177 2044 lonpe
1193 1978 1280 2044 lateque
1297 1997 1340 2044 ptr

297 2053 377 2108 utitem
394 2055 471 2116 itaque
488 2053 700 2112 interpunctionem
717 2063 768 2112 post
783 2065 825 2113 per
836 2048 902 2096 ttrlses
915 2049 1005 2096 sustuli.
1018 2065 1060 2112 per
1076 2048 1153 2096 urbem
1169 2053 1235 2098 Witt.
1246 2053 1339 2100 -3to.

297 2128 424 2172 instaurent
436 2141 470 2187 pr.
488 2123 572 2168 Mutet.
588 2137 631 2184 pro
648 2123 774 2167 instruent.
790 2120 871 2168 solatio
886 2124 960 2183 Rigor.
976 2137 1003 2168 ex
1022 2139 1044 2169 r.
1059 2121 1112 2186 377.
1127 2149 1159 2162 ι·-
1175 2123 1228 2170 381.
1244 2123 1341 2172 Pulittu⁴

296 2214 347 2243 rum
356 2212 436 2243 nonten
445 2193 497 2241 iert.
509 2192 606 2240 Mentel.
616 2211 629 2239 a
641 2210 671 2238 nt.
682 2210 717 2256 pr.
729 2193 835 2256 adeoque
845 2192 927 2240 calami
936 2196 1007 2248 titio,
1018 2196 1060 2240 etsi
1072 2197 1125 2242 satis
1137 2194 1209 2242 felici.
1219 2197 1249 2242 ci.
1260 2199 1338 2244 Bttrtn.

296 2293 329 2306 -
341 2267 483 2314 :tutatuta
497 2264 586 2328 aliquot
596 2265 690 2320 Heius,
701 2265 802 2312 sollenni
813 2268 930 2313 varietate.
943 2291 973 2302 --
986 2264 1038 2312 383.
1048 2281 1119 2327 pauor
1127 2283 1162 2330 pr.
1178 2269 1286 2315 Rottend.
1297 2285 1342 2333 pro

296 2355 345 2386 tar.
358 2339 412 2384 leet.
425 2335 537 2384 addolor.
554 2336 628 2381 Cerda
646 2335 733 2382 mavult
751 2339 932 2398 interpungere:
946 2337 971 2381 C.
988 2334 1066 2382 dolor:
1084 2339 1142 2383 tristi
1153 2355 1176 2402 9.
1189 2354 1211 2384 c.
1228 2347 1257 2394 t,
1274 2349 1300 2384 ttt
1315 2342 1342 2386 itt

297 2410 357 2454 Witt
376 2410 472 2470 aprima
481 2423 552 2452 uranu
561 2406 618 2461 fuit;
631 2421 678 2452 uon
688 2407 757 2452 video
769 2422 837 2468 quarn
848 2407 916 2453 bene.
932 2415 998 2452 ttrroe
1009 2404 1075 2451 multi
1088 2423 1125 2468 sp.
1140 2409 1200 2454 Pier.
1214 2421 1236 2454 et
1248 2410 1342 2464 Heium,

297 2491 323 2524 ut
335 2491 358 2525 et
370 2479 418 2524 bini
431 2477 498 2522 Goth,
511 2477 556 2523 Sed
569 2490 615 2532 eat,
628 2475 705 2537 χαίρω
717 2471 830 2538 ὁμωνύμῳ
842 2470 919 2536 mite.
932 2502 963 2514 -
972 2476 1025 2523 385.
1039 2487 1065 2522 ut
1076 2478 1141 2524 deest
1154 2479 1238 2526 Medic.
1250 2491 1274 2526 et
1286 2482 1342 2526 Par·

298 2550 359 2594 rhet.
370 2565 426 2612 quos
437 2557 555 2611 postquam
569 2549 601 2592 St.
616 2550 690 2609 Bigot.
703 2551 818 2610 conspexit
831 2549 916 2595 Medic.
930 2549 959 2594 ab
973 2550 1046 2598 uude.
1061 2549 1139 2596 medio
1151 2565 1232 2597 amne:
1244 2550 1274 2597 ci.
1286 2550 1341 2607 dtu.

300 2621 340 2664 Jo.
352 2619 475 2665 Schrader.
489 2621 610 2680 ingenioso
622 2618 673 2665 lusu
686 2622 748 2680 conj.
761 2622 789 2664 ab
802 2618 860 2665 ulva.
872 2645 904 2655 -
916 2621 968 2684 387.
982 2619 1112 2685 adloquitur
1125 2623 1190 2667 Rom.
1205 2647 1235 2658 --
1247 2621 1300 2670 388.
1312 2623 1345 2668 ad

304 2686 380 2732 iimina
393 2691 469 2749 Sprot.
484 2688 530 2732 ert.
545 2688 576 2733 ad
589 2687 653 2734 litora
667 2705 703 2750 pr.
719 2690 810 2749 Menan.
827 2705 862 2751 pr.
878 2691 986 2736 Rottend.
1001 2693 1093 2738 tendens
1108 2693 1169 2737 (iud.
1185 2709 1197 2738 a
1214 2708 1245 2738 tn.
1261 2709 1297 2756 pr.
1312 2717 1344 2728 -

302 2755 355 2818 389.
366 2761 414 2803 ito'c
426 2758 516 2821 aliquot
526 2775 563 2821 ap.
573 2761 651 2804 litum.
665 2763 713 2804 itt-'c
719 2763 769 2822 jam
779 2763 897 2823 comprime
904 2762 941 2807 ed.
951 2763 1009 2807 Ven.
1017 2778 1107 2828 pressus
1116 2763 1182 2809 Voss.
1192 2779 1228 2826 pt.
1240 2777 1263 2810 et
1275 2765 1343 2809 Witt.

302 2827 447 2873 Burmannus
458 2831 509 2873 Sec.
522 2831 546 2873 in
560 2828 651 2874 Antinoi.
666 2831 714 2874 Lat.
727 2847 778 2891 pag.
796 2831 849 2885 tfi't,
863 2847 890 2877 et
899 2847 1008 2895 corrupta
1022 2835 1053 2878 ibi
1062 2834 1198 2880 schedarum
1213 2833 1306 2880 Salmas.
1320 2845 1345 2880 et

304 2898 363 2944 Cod.
373 2899 439 2946 Leid.
450 2902 562 2961 scriptura
574 2917 580 2944 t
587 2903 638 2963 jum
647 2905 722 2965 stt'nqit
730 2917 855 2964 comprome
864 2919 977 2967 pressum,
989 2905 1077 2966 effingit
1089 2922 1094 2952 :
1105 2908 1154 2969 jum
1165 2907 1247 2968 strinqe
1258 2913 1345 2950 etton-

300 2974 372 3033 prt'me
381 2987 404 3035 q.
417 2970 462 3016 Sed
474 2973 562 3034 strt'rtpt't
574 2969 596 3015 h.
611 2988 631 3016 e.
647 2975 752 3033 attingit,
769 2988 847 3035 urget,
860 2989 962 3038 pressum
974 2978 1036 3037 ejus,
1056 2977 1095 3038 qui
1108 2975 1237 3029 antecedit,
1253 2976 1284 3028 is,
1300 2977 1343 3036 qui

300 3043 419 3103 sequitur,
431 3041 467 3086 rel
480 3043 612 3087 comitatur.
626 3043 686 3088 Tum
698 3059 765 3099 vero,
780 3045 844 3107 quod
858 3045 913 3091 ltine
928 3046 1026 3102 efficiat,
1041 3061 1087 3102 est,
1105 3059 1142 3104 ut,
1155 3061 1224 3109 quam
1236 3044 1345 3090 librarius

301 3111 426 3159 lectionem
439 3115 581 3174 corruperit,
597 3113 725 3177 intelligas,
737 3130 785 3161 uon
795 3118 908 3163 veriorem
920 3117 1036 3180 expedias.

302 3239 350 3289 riu·
361 3236 464 3307 -378·
480 3236 550 3287 Nam
565 3251 594 3288 ut
609 3232 655 3303 ‘trip
669 3238 702 3290 ab
724 3231 799 3291 initio
849 3240 956 3295 AEueam
969 3241 1134 3304 transvehat,
1149 3239 1297 3292 adducitur.
1311 3265 1345 3278 -

302 3319 443 3378 orationis,
463 3335 511 3386 pro
528 3313 569 3382 tt,
590 3337 668 3380 sane,
691 3321 798 3372 scilicet.
848 3323 897 3392 39²
913 3341 967 3392 seq.
986 3321 1107 3373 Servius:
1126 3319 1254 3370 «Lectum
1268 3331 1306 3371 est
1319 3331 1347 3370 et

300 3394 430 3448 sollennia
449 3396 556 3447 mittent
582 3393 702 3464 πίμψονσι
723 3395 799 3464 quic,
852 3398 1133 3472 uinOrpheo,quod‚
1154 3397 1262 3468 quando
1280 3399 1348 3450 Her-

302 3471 363 3544 iqui,
387 3489 414 3527 et
434 3475 543 3540 similia,
572 3478 680 3528 inferius
705 3481 799 3530 ferent.
852 3473 1349 3542 uruiesadinierosdescenrlit,Clta-

303 3555 392 3622 Quum
403 3575 417 3606 a
430 3555 565 3620 barbaris,
573 3557 692 3610 Lucanos
704 3558 799 3625 edunt,
852 3577 922 3609 «ron
935 3559 1040 3608 territus
1053 3575 1112 3608 eum
1123 3557 1210 3607 statim
1221 3557 1346 3630 suscepit.

303 3636 348 3702 qui
375 3637 458 3686 serius
481 3655 513 3687 ea
534 3637 593 3688 loca
617 3637 799 3702 incoluerunt,
852 3637 915 3686 uOlt
933 3654 1011 3704 quam
1034 3654 1087 3685 rent
1109 3654 1179 3687 anno
1200 3638 1302 3706 integro
1320 3638 1349 3687 in

303 3713 406 3761 occisus
424 3727 492 3766 esset
511 3714 664 3781 Palinurus,
677 3729 769 3786 postea
782 3717 801 3766 ii
853 3713 1049 3784 tcompedibus
1066 3715 1125 3765 fuit.
1143 3714 1205 3765 ldeo
1218 3733 1280 3786 ergo
1294 3734 1349 3769 nott

303 3791 454 3858 pestilentia
470 3794 637 3860 laborantes,
649 3815 664 3848 a
674 3797 725 3846 deo
738 3815 802 3846 cun·
852 3817 864 3840 ι
876 3792 990 3858 letatus,
1010 3793 1110 3846 seilicet
1128 3806 1238 3864 propter
1250 3793 1352 3864 suppli·

305 3867 375 3918 tulto
390 3889 544 3940 responsum
561 3888 736 3946 acceperunt,
747 3876 803 3948 pla·
856 3876 946 3925 «cium
960 3891 1044 3925 suunt.
1056 3898 1066 3922 n
1080 3877 1153 3926 Bona
1165 3887 1237 3924 nota.
1254 3872 1350 3924 siniti-

305 3947 405 4000 candos
419 3969 475 4003 esse
489 3953 604 4006 Palinuri
617 3957 716 4008 Manes.
851 3954 966 4005 tudinem
979 3953 1059 4006 habet
1079 3954 1194 4023 aliquant
1214 3953 1349 4024 excusatio

341 4027 497 4097 384-416.
506 4031 611 4084 Charon
620 4037 737 4100 umbras,
747 4054 802 4088 non
850 4033 939 4086 Somni
958 4053 1017 4085 eum
1034 4034 1174 4103 subjuncta
1195 4033 1349 4084 narratione

306 4126 434 4183 corpora,
451 4107 546 4166 vehere
560 4113 666 4180 solitus,
679 4133 761 4187 egre,
773 4127 804 4168 ut
852 4133 895 4186 ap.
909 4113 1144 4184 Ηοπιοτ.11ἰῑιά.ξ,
1158 4113 1208 4182 ²49
1224 4130 1283 4182 sqq.
