3022 4682
479 354 715 422 AENE-inos
738 356 892 420 LIBER
913 357 976 422 vt.
1190 356 1248 446 159

210 481 250 546 Et
262 481 330 548 fors
343 504 441 546 omne
454 477 568 545 datum
580 477 748 544 traherent
760 502 820 567 per
831 481 906 544 talia
918 496 1064 570 tempus;
1184 563 1186 566 Ι

208 588 274 654 Sed
286 611 397 654 comes
408 586 594 666 admonuit,
607 585 818 676 breviterque
829 585 939 651 adfata
950 587 1069 678 Sibylla
1083 605 1149 653 est:

213 723 226 752 ιι
237 695 310 760 Nox
321 695 400 774 ruit,
416 697 530 774 AEuea3
544 716 604 759 nos
616 690 729 757 flendo
742 692 894 757 ducimus
907 691 1014 758 horae.

210 802 273 868 llic
284 801 377 866 locus
390 818 456 880 est,v
467 800 635 890 partis‘ubi
648 823 683 866 se
695 800 747 864 via
759 798 855 864 findit
868 800 901 862 in
913 799 1040 881 ambae;
1209 809 1252 870 5150

209 910 365 988 Dextera,
379 931 453 996 quae
466 908 549 973 Ditis
562 907 671 995 magni
684 904 745 972 sub
757 906 878 970 muenia
890 905 1011 986 tendit;

210 1014 281 1082 Hac
292 1016 355 1080 iter
365 1015 512 1104 Elysium
525 1013 620 1078 nobis
633 1036 639 1074 :
653 1030 686 1077 at
698 1013 778 1076 laeva
790 1012 953 1076 malorum

211 1125 348 1188 Exercet
360 1145 487 1211 poenas,
503 1120 588 1186 etad
601 1121 835 1208 inpiaTartaru
847 1121 956 1184 mittit.
970 1149 983 1180 n
1061 1113 1064 1120 ’

212 1227 405 1316 Deiphobus
418 1245 549 1293 contra:
568 1229 641 1290 irie
653 1227 743 1304 saevi,
757 1249 873 1314 magna
886 1225 1054 1306 sacerd0s;

211 1335 399 1415 Discedam,
414 1332 553 1423 explebo
565 1355 754 1412 numerum,
767 1330 954 1420 reddarque
966 1330 1121 1396 tenebris.
1212 1342 1256 1402 545

240 1494 292 1558 537.
302 1493 398 1542 truderet
403 1494 577 1556 Frena-539.
585 1509 630 1540 non
630 1495 659 1556 fl.
671 1493 707 1540 ed.
717 1495 746 1538 D.
756 1493 835 1539 Heius.
843 1517 875 1527 -
882 1491 934 1550 540.
941 1495 1012 1556 portule
1019 1494 1101 1540 vitione
1109 1491 1164 1539 edd.
1172 1490 1252 1537 obola-

209 1582 254 1613 τοι.
264 1570 345 1616 scindit
353 1569 493 1631 Vemfimdit
503 1579 549 1614 tren
559 1567 598 1613 alii
608 1583 645 1630 ap.
656 1567 780 1612 Burmann.
791 1565 854 1610 ducit
864 1581 876 1610 a
887 1581 916 1608 m.
925 1581 960 1626 pr.
971 1567 1017 1610 Eri.
1027 1591 1057 1600 -·
1066 1563 1118 1620 541.
1126 1563 1251 1628 merqniDi·

211 1641 238 1684 tit
250 1641 319 1687 Geth.
332 1658 368 1704 pr.
380 1643 442 1688 ducit
450 1639 518 1686 Goth.
527 1651 580 1685 tert.
591 1664 623 1674 -
631 1637 682 1696 542.
694 1639 738 1683 Hic
751 1640 792 1683 iter
802 1639 867 1682 llum.
880 1638 936 1682 Hoec
948 1637 1029 1698 fragm.
1043 1638 1119 1682 Vatic.
1132 1645 1155 1682 et
1167 1634 1182 1680 l.
1193 1634 1252 1680 alter

209 1709 301 1774 Menag.
314 1712 356 1760 hac
368 1715 427 1760 Ven.
437 1729 464 1758 uc
476 1713 567 1774 llugen.
584 1722 608 1756 et
620 1711 657 1756 ed.
668 1711 728 1756 Ven.
739 1735 770 1745 -
778 1709 829 1765 543.
843 1711 870 1754 T.
881 1711 951 1754 mittet
959 1709 1023 1754 Leid.
1033 1743 1039 1764 ,
1050 1706 1087 1755 rel
1098 1707 1169 1754 tendit
1177 1707 1251 1766 liiflot.

209 1781 318 1830 Nondum
327 1787 381 1832 tatis
393 1785 515 1846 expeditur
527 1783 555 1829 ab
565 1781 610 1828 lroc
622 1780 674 1828 leco
682 1780 711 1828 ad
719 1782 763 1827 alia
775 1797 854 1843 pergo.
866 1789 892 1824 at
903 1778 959 1825 loem
970 1778 1081 1826 mulonem
1093 1781 1192 1824 Exercet
1201 1791 1254 1838 ρω-

209 1869 251 1899 nar
258 1889 264 1909 ,
271 1855 331 1901 bene
339 1855 445 1918 intelligo
452 1854 614 1916 accipiendum
623 1870 686 1908 etue,
698 1870 754 1916 pro,
767 1851 822 1899 lava
832 1865 897 1916 parte
909 1863 1046 1898 exercentur
1054 1867 1128 1914 poeuae
1135 1853 1160 1896 in
1168 1848 1253 1902 malon

210 1923 251 1970 ted
263 1936 311 1970 tum
324 1941 371 1970 non
386 1925 447 1972 bene
459 1925 573 1987 adjicitur
583 1941 588 1970 :
598 1933 621 1970 et
631 1924 662 1970 ad
672 1927 733 1986 inpia
745 1927 841 1969 Tartara
853 1925 925 1968 mittit.
936 1923 992 1968 Nam
1002 1926 1035 1968 ric
1045 1921 1101 1968 litua
1110 1923 1187 1984 primo
1199 1919 1253 1964 luco

211 2009 254 2056 per
265 1994 361 2056 liguram
367 2029 374 2050 ,
384 1994 457 2040 altero
466 1995 519 2040 loco
529 1995 623 2056 proprie
633 2007 667 2041 ert
677 1993 848 2057 accipiendum.
858 1995 902 2038 Aut
910 1995 979 2054 igitur
988 1991 1161 2039 hemistichium
1171 1991 1200 2038 ab
1209 1989 1256 2035 ulia

212 2077 282 2108 manu
293 2066 419 2120 succrevit,
427 2065 452 2110 id
459 2065 524 2128 quod
534 2065 661 2110 admodum
668 2065 790 2128 probabile
797 2065 835 2120 lit,
844 2063 934 2109 uutho'c
944 2066 1005 2109 inter
1013 2061 1156 2109 cmendanda
1166 2077 1178 2106 a
1187 2071 1257 2122 poete

211 2136 338 2196 sepositum
349 2135 400 2180 luit.
413 2137 492 2198 Friget
499 2152 595 2200 quoque
604 2130 631 2182 vri
638 2136 701 2183 mbu
711 2154 732 2183 v.
746 2135 798 2193 542.
810 2137 955 2181 Bur-mannua
963 2133 1075 2190 illustrat,
1085 2131 1143 2197 quid
1152 2133 1182 2176 ait
1191 2145 1257 2176 exer-

209 2216 259 2248 cere
268 2217 354 2264 poenas.
367 2205 413 2250 Sed
426 2205 455 2250 de
467 2204 511 2250 hoc
523 2208 561 2250 vix
576 2222 672 2270 quaertt.
685 2232 716 2241 -
728 2204 781 2264 544.
798 2207 828 2250 D.
840 2219 884 2268 que
896 2219 973 2251 coram
987 2203 1024 2250 erl.
1040 2204 1099 2248 Ven.
1114 2203 1158 2246 Noe
1169 2199 1256 2245 Medic.

214 2299 245 2308 -
258 2271 309 2330 545.
321 2274 438 2340 reddamqt
451 2275 548 2322 Oudart.

212 2415 272 2450 rum
293 2397 500 2470 disputationem
519 2399 590 2453 hanc
615 2401 642 2452 in
663 2400 711 2452 Ex·
759 2401 849 2472 itaque
861 2411 942 2470 poeta
952 2399 1003 2449 ait:
1016 2397 1077 2448 Nox
1087 2393 1150 2459 ruit,
1161 2393 1256 2444 AEnea‘.

168 2541 172 2552 Ι
214 2496 321 2530 cursum
335 2478 370 2530 acl
387 2479 414 2530 h.
430 2497 455 2530 v.
470 2499 541 2531 nune
559 2481 648 2550 rejeci.
671 2481 710 2532 De
759 2475 1104 2550 Argutiascaptutserviue
1118 2471 1256 2524 cumaliiu.

213 2555 301 2608 verbis
327 2558 436 2630 singulis
460 2571 562 2610 tantum
586 2557 710 2611 monebo.
759 2557 870 2610 Saniora
889 2559 968 2609 effert
983 2555 1079 2608 Gerdn.
1099 2555 1138 2606 De
1157 2552 1257 2604 reditui

212 2633 276 2686 Axis
293 2633 463 2690 hauddubie
480 2641 567 2710 poetis
580 2657 631 2710 pro
645 2637 711 2690 caelo
760 2637 794 2690 nd
812 2655 923 2708 superos
941 2649 1060 2706 ternpore
1076 2631 1113 2683 nil
1128 2641 1258 2684 memorat

214 2716 322 2776 omnino
341 2715 444 2782 dictus,
464 2731 493 2768 ut
511 2731 537 2771 et
552 2717 623 2770 alibi.
636 2719 727 2788 Far-iix
759 2733 848 2791 poeta.
863 2722 955 2790 ltaque
969 2737 1018 2769 nec
1032 2716 1065 2767 de
1081 2733 1113 2766 eo
1129 2714 1257 2766 laboran-

214 2805 302 2846 autcm
320 2796 425 2848 Aurora
448 2797 583 2869 quadrigis
602 2799 655 2848 uuis
677 2797 711 2848 nb
761 2801 832 2852 dum.
848 2800 915 2865 Sed,
933 2817 964 2852 ex
981 2815 1117 2850 sacrorum
1132 2794 1257 2846 Manibus

214 2875 316 2925 oriente
332 2875 579 2928 evectadecuruum
592 2895 640 2948 per
656 2877 711 2929 curli
760 2881 892 2932 factorum
920 2897 1010 2942 more,
1034 2887 1093 2926 orto
1117 2873 1176 2938 die,
1202 2874 1258 2925 sive

215 2969 360 3004 convexum
374 2971 465 3006 versut
484 2955 649 3007 occidentem
667 2975 712 3007 eo·
760 2959 813 3010 hoc
828 2961 881 3010 sive
899 2957 968 3020 alio,
984 2957 1078 3007 AEneat
1097 2953 1180 3004 infera
1198 2951 1260 3002 loca

215 3029 277 3082 dem
296 3031 376 3082 modo
400 3045 479 3101 atque
498 3035 537 3097 is,
555 3037 600 3104 qui
621 3036 713 3086 subue-
762 3040 911 3108 relinquere
946 3036 1060 3094 debuit;
1087 3044 1117 3082 ut
1143 3032 1260 3082 vicissim

217 3109 307 3178 quitur
320 3108 409 3172 illum,
425 3111 479 3162 Sol.
493 3111 602 3162 Aurorae
619 3111 714 3164 decur·
762 3137 822 3168 cum
842 3130 903 3166 ortu
926 3113 993 3168 Solis
1011 3115 1103 3164 Manes
1125 3109 1159 3162 ad
1175 3111 1260 3161 infera

216 3203 275 3238 tum
288 3187 359 3240 hunc
374 3201 439 3258 puta
455 3188 511 3240 lieri
525 3192 595 3242 intra
609 3205 712 3261 tempus
761 3194 821 3246 luca
842 3195 928 3246 redire
948 3193 1043 3245 solent.
1062 3192 1102 3241 De
1121 3189 1214 3240 ceteris
1232 3207 1258 3238 v.

217 3266 328 3320 diluculi
342 3281 368 3319 et
382 3269 433 3320 orti
449 3267 525 3320 Sulis.
540 3269 629 3321 Noctu
643 3272 713 3320 enim
761 3273 906 3324 Exeureum
917 3271 984 3322 Xl⁸'.

215 3347 316 3400 factum
337 3361 394 3400 crat
417 3365 537 3410 tucrum
555 3351 607 3401 iter
627 3361 714 3400 autern
798 3352 890 3417 540-
901 3350 960 3420 547.
976 3353 1049 3401 luter
1065 3348 1122 3400 ltaec
1139 3349 1167 3399 in
1187 3348 1260 3400 bivio

217 3425 327 3499 ingressi
340 3439 416 3480 erunt
435 3427 470 3480 ad
483 3429 570 3480 infera
583 3428 642 3480 locu
657 3429 714 3497 jam
763 3443 838 3481 erunt
850 3432 1000 3494 constituti,
1014 3429 1098 3480 altera
1112 3429 1155 3479 via
1166 3441 1262 3498 praeter

216 3507 267 3560 tub
287 3506 397 3559 diluculi
421 3521 545 3578 tempus,
564 3507 647 3580 primi
667 3507 714 3559 sul>
762 3509 830 3559 Ditis
849 3509 949 3578 regiam
970 3508 1004 3560 nd
1025 3507 1157 3578 Elysium,
1178 3508 1262 3560 altera

216 3583 322 3638 lumina
330 3587 398 3639 Solis
407 3599 432 3638 et
442 3599 513 3638 ortus
524 3587 617 3641 v.255.
631 3589 714 3659 igitur
763 3590 799 3641 ad
810 3591 951 3642 Tartarum
965 3590 1087 3641 ducente.
1109 3589 1186 3640 Conf.
1210 3591 1261 3639 Ex-

217 3665 323 3718 Aurora
333 3667 389 3734 jum
401 3665 458 3717 nuli
471 3682 573 3738 partem
588 3667 715 3738 aliquam,
764 3689 832 3721 curs.
854 3671 923 3720 Vlll.
948 3669 1052 3731 ambas,
1077 3669 1163 3739 simpl.
1192 3687 1259 3740 pro,

216 3759 296 3807 nam,
316 3763 348 3795 ex
366 3744 467 3816 vulgari
487 3761 626 3816 poetarum
644 3765 713 3812 usu,
764 3749 838 3802 duas.
849 3748 967 3799 Plutonis
977 3749 1076 3818 regiam
1087 3747 1202 3820 intellige
1212 3767 1261 3819 per

218 3841 272 3894 quo
284 3826 355 3876 intra
366 3823 430 3876 lines
443 3828 532 3880 omnia
543 3840 603 3878 eunt
615 3826 713 3890 medin,
762 3828 832 3881 Ditis
848 3827 953 3878 munia.
973 3825 1014 3876 cf.
1034 3827 1081 3876 inf.
1101 3827 1153 3878 630
1174 3845 1212 3899 sq.
1233 3837 1263 3879 at

217 3903 247 3958 td
265 3922 369 3976 quoque
385 3905 502 3956 medium
518 3905 612 3958 coelum
628 3919 713 3978 poeta
763 3906 827 3960 loeua
839 3903 971 3957 malorum
985 3905 1095 3958 Exercet
1102 3925 1208 3977 peenas:
1221 3907 1263 3958 loa

218 3982 272 4044 dici
295 3997 401 4055 potest,
424 4003 502 4037 eursu
523 3999 659 4058 exegerat,
684 4000 714 4039 ut
763 4006 810 4040 cue
832 3988 942 4058 ponitur
963 4003 1013 4058 pro
1028 3986 1093 4051 illis,
1118 3990 1163 4058 qui
1188 4005 1263 4038 exer-

220 4077 273 4114 ποι
290 4081 360 4120 nuuc
375 4082 485 4138 prorsus
499 4063 611 4138 depulsa
626 4079 713 4132 etiem
763 4079 839 4137 cent,
863 4078 1041 4140 exsequuntur
1064 4083 1165 4138 poenae
1187 4067 1263 4119 Diua
