3028 4682
518 407 580 472 an
603 401 803 472 ernnust
825 405 888 471 vt.
1162 432 1224 500 227

191 553 271 598 neca,
282 533 358 584 Herc.
374 531 425 582 fur.
436 529 488 584 658
497 547 571 601 sqq.,
581 527 669 582 valer.
678 530 717 582 Fl.
731 529 776 581 lib.
790 531 810 592 l,
823 529 872 581 sub
884 531 904 581 f.
918 530 968 600 827
982 547 1021 602 sq.
1033 551 1104 587 nunc
1117 553 1171 590 non
1184 557 1229 592 cu-

191 631 289 666 ramus.
298 608 558 680 Tenturitjamitlcm
568 609 696 682 Spencius
707 623 732 662 et
743 611 871 674 Jortinns,
885 610 953 661 Dies.
966 612 1010 677 Vl,
1023 631 1049 683 p.
1062 615 1121 682 258,
1134 631 1229 688 praeter

191 693 258 745 alios
268 694 355 760 intpp.
368 688 504 744 Nonnulla
516 691 611 741 iterum
621 691 744 740 tractavit
759 687 927 740 Wernsdorf.
941 689 1012 740 Poet.
1026 693 1089 743 min.
1102 695 1177 746 Tom.
1191 699 1229 766 ll,

191 773 398 824 ExcusallVlll.
406 773 456 822 lies
469 788 550 841 quum
562 787 610 840 per
622 786 650 822 se
662 787 716 821 non
727 769 826 820 inutilis
839 785 897 820 esse
911 771 1042 838 potestati
1056 787 1140 841 poetar
1150 778 1231 829 inter-

191 851 384 922 pretationem,
401 862 457 901 turn
468 867 531 902 vero
551 849 631 901 etiam
651 850 682 900 iis
700 861 777 920 grata
792 865 850 899 esse
869 845 964 910 tlehet,
982 851 1027 917 qui
1039 849 1132 903 Dantis
1149 857 1232 908 infer·

191 948 272 994 rrum,
284 931 380 1000 partim
401 948 432 982 es
449 929 576 992 Marone,
594 944 647 999 quo
662 929 684 978 is
702 927 771 978 duce
783 929 882 988 utitur,
901 943 1069 995 expressum,
1083 942 1137 981 turn
1152 936 1232 984 etiam

193 1009 306 1060 aliorum
325 1021 463 1078 poetarum
482 1007 542 1060 loca
560 1023 716 1078 comparare
736 1003 837 1056 volunt.
857 1004 897 1054 lta
917 1003 996 1056 Silius
1016 1005 1091 1070 Xlll,
1103 1008 1155 1061 526
1173 1029 1231 1083 sqq.

192 1100 276 1140 totam
288 1088 434 1139 inferorum
446 1087 652 1157 descriptionem
665 1087 794 1148 variavit,
803 1083 896 1136 decern
906 1085 1000 1156 portis,
1012 1096 1038 1137 et
1050 1089 1147 1158 septis,
1159 1105 1235 1161 puto,

193 1169 220 1220 iu
233 1169 265 1218 iis
275 1170 440 1229 constitutis;
452 1179 481 1218 ut
491 1168 608 1218 Platonis
621 1166 714 1217 circuli
726 1177 787 1217 ante
800 1165 892 1215 oculos
902 1165 985 1216 luisse
996 1165 1150 1229 videantur;
1164 1169 1235 1224 unde

192 1248 272 1297 etiam
281 1245 395 1310 Servius,
404 1245 438 1297 ad
448 1264 472 1296 v.
479 1244 540 1311 426,
551 1261 613 1295 suos
623 1261 718 1295 novem
726 1241 839 1296 circulos
849 1242 954 1292 duxisse
964 1241 1080 1308 ridetur,
1087 1249 1135 1296 etsi
1146 1249 1233 1300 alieno

193 1345 208 1376 a
219 1327 321 1396 Virgilii
333 1339 420 1378 mente
432 1337 591 1376 commento.
605 1326 683 1376 Certe
693 1341 787 1375 norem
802 1323 895 1374 Dantir
911 1322 1047 1374 anfractus
1065 1324 1099 1375 ad
1118 1325 1234 1380 Platonis

194 1404 351 1476 virgiliique
367 1403 476 1456 cluetuto
487 1403 600 1472 junctim
613 1400 764 1453 adumbrati
777 1413 846 1452 sunt.
860 1401 928 1451 Nam
944 1399 1037 1452 Silium
1049 1403 1083 1454 ab
1094 1421 1126 1454 eo
1138 1406 1236 1459 lectum

195 1499 253 1536 etse
265 1482 367 1534 dubito,

232 1563 279 1614 Via
292 1562 400 1633 quidem
414 1562 500 1631 prima
514 1577 562 1630 per
580 1559 751 1630 speluncam,
768 1577 829 1610 mox
846 1560 987 1610 immensas
1002 1577 1052 1630 per
1062 1561 1160 1628 silvas,
1174 1565 1238 1618 cali·

195 1641 289 1712 pinoso
302 1642 380 1705 calo,
394 1639 509 1691 ducebat
521 1637 556 1690 ad
570 1657 682 1690 amnem.

231 1721 259 1769 ln
274 1719 361 1790 primo
380 1717 442 1770 Orci
457 1717 532 1768 adita
550 1715 701 1786 (reperimur
718 1714 831 1781 dixeris,
851 1731 936 1788 poetae
949 1718 1103 1770 uestibulum
1116 1723 1189 1794 est),
1203 1728 1239 1777 ci.

195 1808 289 1868 traque
302 1798 497 1860 Acherontem,
510 1797 621 1859 Luctus,
636 1799 727 1860 Citra,
748 1790 838 1848 Morte·
846 1836 854 1862 ,
867 1798 1003 1864 Senectus,
1015 1801 1117 1867 Metto,
1132 1805 1220 1856 Fames
1228 1844 1239 1871 ,

38 1905 48 1924 a
155 1941 157 1946 ,
194 1878 314 1950 Egestas,
329 1878 440 1941 letum,
457 1877 558 1941 Labor,
575 1877 675 1948 Sopor,
693 1875 764 1928 mah
782 1879 905 1942 Gaudia,
920 1876 1042 1945 Bellum,
1059 1881 1238 1950 Eumenides,

195 1957 335 2008 Discorslsic
352 1955 441 2008 sedem
457 1953 557 2007 habere
572 1954 699 2007 dicuntur
717 1973 742 2006 v.
759 1957 850 2026 273-
861 1958 906 2008 281
924 1956 1043 2028 elegante
1059 1960 1165 2031 mytho;
1180 1967 1239 2034 quis

197 2036 268 2086 enim
280 2052 334 2085 non
346 2033 476 2103 intelligat
486 2051 544 2084 esse
556 2033 712 2099 heremis,
725 2035 822 2104 quibus
832 2036 906 2088 Mors
918 2038 1076 2101 arcessitur,
1090 2056 1202 2112 quaeque
1213 2043 1243 2094 il.

197 2113 251 2166 lum
262 2113 303 2164 vel
314 2110 476 2164 antecedunt
484 2113 527 2163 vel
540 2115 715 2164 comitantur!

231 2195 261 2244 lu
271 2193 358 2244 medio
370 2191 479 2243 &mnia
488 2192 515 2241 in
528 2191 599 2243 ulmo
615 2192 780 2257 nidulantia,
793 2191 827 2244 stl
840 2195 946 2246 Homeri
958 2193 1080 2258 ductum
1092 2215 1116 2246 r.
1130 2199 1192 2250 Not.
1205 2203 1240 2254 atl

200 2271 250 2322 282
268 2270 373 2336 -284.
394 2269 459 2336 Quo
480 2288 540 2320 cnm
562 2283 641 2322 nocte
656 2273 799 2340 conjuncta
814 2286 896 2337 suut,
920 2271 1013 2324 eadem
1031 2291 1091 2325 cunt
1111 2277 1178 2330 locis
1201 2283 1242 2332 in-

196 2350 261 2402 feris
271 2387 280 2409 ,
290 2351 329 2401 uti
347 2367 406 2400 cum
420 2350 479 2419 ipsa
498 2361 599 2414 morte,
617 2351 760 2420 conjuncta
774 2363 843 2402 sunt.
862 2351 928 2402 Cum
943 2365 1031 2403 antem
1048 2352 1137 2406 Hades
1153 2357 1240 2421 Ἀΐδης,

198 2431 323 2501 proprie,
333 2434 380 2501 qui
389 2429 462 2480 cerni
477 2429 583 2502 nequa,
596 2428 683 2482 locum
697 2433 779 2484 faciat
793 2433 841 2496 iis,
854 2449 911 2502 quae
929 2433 1024 2484 mentis
1038 2451 1107 2487 rnna
1125 2437 1242 2511 fingendi

198 2511 225 2562 vi
237 2511 380 2582 excogitari
391 2521 502 2580 possunt
514 2524 649 2562 :monstra
662 2513 905 2582 antiquissimorum
915 2526 1004 2564 vatnrn
1012 2512 1056 2566 hic
1066 2515 1241 2574 collocantur.

199 2591 292 2662 ltaque
304 2589 438 2642 hincinde
452 2589 508 2641 hcc
526 2588 587 2642 loca
601 2602 691 2642 tenent
707 2593 846 2658 Centauri,
858 2589 971 2662 seyttoe,
985 2593 1120 2661 Briareus,
1132 2599 1241 2670 Hydra,

199 2671 327 2723 Chimera
335 2709 343 2736 ,
359 2672 504 2742 Geryones,
516 2671 662 2742 Harpyia,
678 2671 801 2742 Geryon,
814 2690 837 2721 r.
854 2673 903 2723 282
912 2673 1021 2742 -289,
1030 2675 1077 2726 ubi
1090 2695 1113 2727 r.
1128 2677 1191 2731 Not.
1208 2683 1243 2734 ad

199 2751 258 2805 285.
271 2753 387 2805 Omnino
397 2751 449 2802 hoc
460 2751 578 2822 proclive
588 2753 655 2816 fuit,
670 2763 809 2822 poetarum
821 2769 867 2803 sen
878 2753 1028 2822 sapientum
1041 2758 1143 2808 animos
1153 2761 1180 2810 in
1190 2759 1242 2812 hon

197 2830 355 2902 phantasma
374 2833 523 2898 incurrere,
542 2845 572 2883 ut
591 2833 624 2904 in¹
636 2832 712 2886 aditu
729 2831 763 2884 ud
781 2831 940 2884 Umbrarum
958 2833 1033 2900 loca,
1052 2836 1241 2907 phantasmata

200 2915 252 2964 ista
261 2925 287 2964 et
299 2925 418 2964 monstra
429 2911 599 2964 collocarent.

234 2991 391 3042 Perventum
400 2990 441 3042 hrt
451 2991 485 3042 ad
496 3007 616 3042 omnesne
628 3009 705 3062 quem
719 2991 770 3058 384
780 2993 895 3064 Stypem,
910 2991 960 3061 295
970 2981 1144 3046 Acherontem'
1155 3013 1241 3051 vocat.

202 3069 241 3120 De
253 3069 305 3120 hoc
318 3087 379 3120 mox
388 3069 521 3140 sigillatim
531 3069 718 3140 displeiemus,
730 3071 838 3121 Excurs.
852 3073 896 3122 tx.
910 3071 1022 3122 Petiturn
1035 3084 1075 3123 est
1086 3071 1245 3142 phantasma

201 3147 254 3200 hoc
266 3167 282 3199 a
292 3149 379 3218 reguis
390 3167 421 3200 ac
435 3149 596 3218 provinciis,
610 3167 722 3218 quarum
734 3150 799 3200 lines
813 3169 862 3222 per
878 3168 972 3221 magna
985 3149 1095 3203 flumina
1107 3170 1243 3225 reguntur.

201 3227 240 3278 Er
251 3227 399 3296 priscorum
412 3237 551 3295 poetarum
563 3229 689 3296 opinione
699 3227 821 3280 Oceanus
832 3243 961 3282 terrarum
972 3230 1063 3281 orbem
1073 3249 1147 3284 rnore
1160 3237 1244 3288 amnis

203 3305 322 3358 ambiens
335 3305 362 3354 in
382 3303 541 3355 occidentali
557 3317 652 3374 parte,
664 3304 732 3356 Solis
745 3306 906 3372 occidentis,
916 3308 1025 3372 Noctis,
1035 3307 1141 3374 Somni,
1155 3313 1243 3380 ardes,

203 3399 260 3438 tum
269 3384 395 3457 Elysium,
406 3383 514 3436 tanclem
524 3383 624 3436 aditum
635 3385 669 3436 ad
680 3385 740 3436 loca
750 3386 836 3437 infera
848 3386 1000 3439 continebat
1009 3385 1055 3456 (cf.
1068 3389 1167 3460 Opusc.
1181 3393 1211 3445 T.
1222 3395 1243 3462 l,

201 3486 228 3539 p.
242 3468 291 3534 397
305 3466 396 3536 sqq.):
410 3463 517 3516 flumine
527 3479 615 3518 autern
625 3467 696 3518 circa
707 3467 806 3517 Orcum
819 3465 918 3530 (lucto,
935 3467 1022 3518 aditus
1039 3485 1093 3518 non
1108 3485 1179 3538 erat,
1191 3472 1244 3527 nisi

204 3547 265 3598 nari
286 3546 436 3612 trajicercs3
451 3541 485 3594 atl
501 3542 570 3594 hanc
584 3544 725 3615 regendam
741 3545 862 3596 inventus
880 3546 1002 3615 portitor.
1021 3545 1244 3607 Praeternrittimus

203 3623 237 3676 tle
251 3622 382 3675 Charonte
392 3639 499 3675 monere
508 3621 627 3674 nondum
637 3623 671 3674 ab
683 3625 797 3675 llomero
809 3636 970 3686 memorato,
983 3625 1017 3673 cl.
1029 3641 1086 3694 sup.
1099 3627 1133 3678 ad
1143 3647 1169 3680 r.
1183 3631 1244 3704 417,

203 3719 230 3758 et
239 3703 272 3757 tle
278 3702 469 3774 insepultorum
477 3703 577 3756 umbris
590 3703 624 3755 ab
635 3705 719 3756 amnis
732 3705 843 3774 trajectu
855 3701 1084 3774 prohibitistconl.
1101 3705 1134 3758 ad
1145 3727 1166 3758 r.
1182 3711 1241 3765 325.

237 3784 322 3836 Trans
339 3799 458 3846 amnem,
474 3781 585 3834 adverso
597 3783 690 3847 litare,
708 3783 810 3834 Cerberi
820 3791 926 3834 antrum
942 3795 994 3846 est,
1010 3781 1061 3846 425
1076 3801 1153 3856 sqq„
1170 3791 1242 3860 quod

205 3873 406 3933 pretergressus
418 3860 528 3925 AEneas,
540 3861 574 3912 atl
584 3861 672 3932 prima
685 3860 742 3913 loca
754 3862 876 3921 devenit;
890 3859 1038 3912 inhabitant
1054 3859 1111 3914 hac
1127 3863 1187 3919 loca
1202 3869 1244 3922 in.

198 3943 288 4015 fantes
299 3961 324 3994 v.
339 3940 503 4011 4²6··⁴l²9t
516 3953 542 3994 et
554 3943 599 4012 qui
611 3941 735 4008 insontes,
746 3955 791 3994 aut
803 3949 910 3993 mortem
925 3939 1027 3992 illatam
1040 3959 1176 4016 accepere,
1193 3963 1241 4003 aut

203 4023 253 4076 sibi
265 4022 314 4094 ipsi
326 4021 451 4089 intulere,
464 4023 625 4094 432-439.
639 4023 713 4092 Quid
728 4027 755 4077 in
763 4023 804 4076 his
814 4035 941 4095 sequutus
952 4025 984 4075 sit
994 4035 1072 4096 poetu
1081 4061 1089 4090 ,
1098 4043 1123 4077 ν.
1134 4028 1196 4082 Not.
1208 4031 1242 4083 ad

206 4121 231 4156 v.
250 4105 310 4172 430.
474 4109 484 4142 ⁰
1234 4125 1238 4146 ··

1033 4191 1071 4245 15.
