3022 4682
258 370 318 436 186

502 369 536 430 P.
560 365 791 430 vtnutntt
815 367 1047 433 MARONIS

253 495 296 557 Et
308 515 382 582 quae
395 512 581 556 marmoreo
594 489 658 554 fert
670 507 815 554 monstra
827 490 889 555 sub
902 513 1036 580 aequore
1048 507 1180 580 pontus.

253 600 374 686 Igneus
390 614 439 662 est
451 597 524 662 ollis
536 597 631 684 vigor
643 613 676 660 et
688 595 826 662 caelestis
839 599 931 684 origo

252 703 453 782 Seminibus,
469 719 629 793 qnantum
642 725 709 767 non
722 705 818 767 noxia
830 725 969 792 corpora
982 702 1132 784 tardant‚'

252 811 459 900 Terrenique
473 809 629 874 hebetant
641 827 745 888 artus,
760 809 1025 899 moribundaque
1039 809 1197 874 membra.

254 918 342 982 Hinc
351 932 511 994 metuunt,
521 917 742 1005 cupiuntqoe;
752 915 876 994 dolent,
886 916 1113 1005 gaudentque3
1125 939 1234 1006 neque
1242 937 1337 980 auras

253 1022 454 1110 Dispiciunt‚
469 1023 586 1086 elausae
599 1022 743 1086 tenebris
759 1038 791 1086 et
803 1045 934 1087 carcere
946 1044 1043 1086 caeco.

1255 611 1302 673 73⁰

283 1219 336 1282 730.
355 1215 396 1263 olli
412 1218 450 1264 ed.
468 1217 606 1264 Commelin.
626 1215 670 1262 illis
689 1217 738 1264 duo
757 1218 821 1280 apud
839 1219 965 1264 Burmann.
985 1234 1037 1264 curn
1058 1217 1094 1264 cd.
1115 1220 1175 1264 Ven.
1191 1233 1212 1262 c.
1230 1221 1302 1282 imopn

251 1288 322 1333 Goth.
336 1303 383 1333 acc.
396 1313 427 1323 ·-
440 1287 492 1350 73ι.
507 1303 602 1349 corporo
620 1291 687 1334 noxio
704 1287 799 1349 plurimi
814 1289 940 1334 Burmann.
955 1289 1044 1334 tardent
1054 1305 1094 1350 qu.
1108 1289 1192 1333 blorut.
1206 1314 1235 1323 -
1247 1290 1300 1349 732.

254 1357 404 1422 Ter-rhenique
418 1357 498 1419 fragm.
514 1359 588 1403 Vario.
604 1383 635 1392 —
650 1357 702 1420 733.
721 1359 781 1402 Hirro
795 1374 824 1402 m.
844 1363 938 1422 cupiunt
952 1360 1095 1424 parilemque
1112 1356 1232 1421 dolentque
1250 1359 1303 1402 Ma-

250 1430 317 1476 erob.
331 1431 355 1474 in
367 1433 405 1475 So.
422 1433 458 1474 Sc.
479 1427 545 1484 θοις
564 1445 610 1474 sec.
631 1429 740 1474 uouend.
758 1445 829 1494 neque
848 1432 926 1476 Heius.
947 1447 959 1477 e
978 1431 1047 1476 codd.
1071 1429 1146 1491 Vulgo
1166 1445 1219 1484 nec,
1237 1428 1302 1490 quod

250 1515 328 1548 tamen
346 1502 412 1545 Rom.
427 1513 512 1546 tuetur.
531 1515 602 1564 neque
619 1504 687 1546 miras
703 1501 788 1546 Medic.
806 1519 818 1546 a
836 1517 866 1546 rn.
883 1519 917 1564 pr.
934 1527 966 1536 -
980 1501 1032 1564 734.
1050 1503 1177 1565 Dispiciunt
1193 1497 1302 1562 protelare

251 1575 330 1618 lleins.
339 1575 459 1618 restituite
468 1571 529 1617 Gud.
540 1589 552 1617 a
562 1589 591 1617 m.
603 1589 637 1634 pr.
646 1573 711 1618 Voss.
720 1573 829 1636 binisque
839 1573 946 1618 Rottend.
955 1573 1012 1632 (vid.
1021 1589 1073 1636 sup.
1084 1573 1114 1618 ad
1122 1574 1143 1617 ll
1152 1573 1236 1633 Georg.
1250 1569 1300 1632 187.

250 1642 316 1688 Alius
335 1642 440 1698 dixisset,
454 1641 618 1706 prospiciunt.)
636 1642 721 1688 Eodem
740 1643 829 1688 ducunt
846 1643 931 1688 Medic.
943 1659 995 1688 cum
1008 1641 1060 1688 aliis
1077 1644 1169 1698 licius,
1186 1643 1302 1687 Romanus

252 1729 305 1758 curn
317 1713 367 1758 aliis
380 1715 454 1769 l'ier.;
469 1714 529 1760 addc
540 1715 621 1776 fragm.
640 1716 716 1761 Varie.
729 1727 752 1760 et
764 1716 832 1760 binos
844 1714 927 1770 Gotlr.‚
945 1717 985 1778 qui
997 1731 1078 1760 ornnes
1091 1715 1223 1778 Despicirmt
1237 1711 1302 1758 esbi-

251 1785 315 1830 bent.
325 1785 456 1847 llerpicr'unt
470 1788 541 1831 ceteri
554 1802 607 1830 cum
618 1785 672 1832 edd.
685 1786 872 1848 antiquioribus,
886 1798 911 1831 ut
922 1784 990 1830 bldd.
1002 1785 1115 1831 Commel.
1127 1786 1255 1847 Suspiciunt
1264 1781 1301 1829 ed.

251 1855 350 1902 Mediol.
364 1857 419 1901 Mor
429 1855 499 1902 cluse
509 1858 590 1920 fragm.
604 1857 695 1914 Varie,
707 1858 772 1920 quod
784 1857 835 1903 aliis
847 1856 905 1903 locis
915 1857 1023 1903 Heinsius
1033 1867 1146 1919 sequutus
1158 1869 1200 1902 est.

250 2015 324 2066 uitas.
337 2017 428 2068 Novus
441 2037 505 2070 nans
517 2020 591 2070 noeis
613 2031 652 2070 est
665 2035 755 2090 equor

250 2097 753 2169 marmoreum,resplendescensasole

179 2203 184 2214 .
250 2191 282 2224 ex
292 2175 431 2226 Homerico
442 2176 489 2229 ἅλα
495 2175 630 2246 μαρμαρέην
639 2177 715 2230 lliad.
727 2177 752 2242 ξ,

252 2253 311 2322 273.
326 2254 402 2307 Unde
415 2269 441 2308 et
454 2275 571 2308 marmor
581 2275 630 2328 pro
642 2257 709 2308 mari
724 2267 753 2306 ut

251 2333 299 2383 Ge.
314 2335 339 2398 l,
354 2335 413 2402 254.
428 2337 526 2388 Verum
542 2339 568 2388 in
581 2337 633 2388 boc
647 2338 754 2408 praeive-

250 2425 310 2463 rant
319 2414 375 2481 jam
384 2417 486 2467 Lucrot.
499 2429 524 2468 et
534 2415 629 2467 Catull.
642 2433 753 2465 marmo-

249 2509 322 2541 ream
335 2495 459 2545 cervicem
472 2495 574 2547 dixerat
582 2497 630 2547 Ge.
642 2497 690 2560 IV,
703 2493 753 2546 523

251 2571 298 2620 ubi
311 2589 334 2620 v.
349 2585 449 2623 notam.

287 2651 338 2717 73ο
348 2681 377 2689 -
385 2654 442 2722 734.
454 2651 513 2704 illis
521 2655 679 2718 seminibus,
689 2653 717 2705 b.
729 2673 752 2704 e.

249 2725 293 2779 his
317 2732 455 2783 animabus
478 2751 509 2784 ex
531 2734 620 2783 anima
644 2733 753 2799 mundi,

251 2817 378 2877 tanquam
392 2830 423 2862 ex
435 2813 489 2883 igni
503 2811 639 2876 scintillae,
653 2814 753 2882 petitis,

251 2898 277 2937 et
290 2890 316 2939 in
329 2889 474 2942 humanum
493 2909 590 2962 corpus
604 2891 752 2951 traductis,

250 2968 318 3021 inest
330 2971 405 3042 ignea
420 2975 457 3024 vis
468 2972 571 3043 (qnalis
582 2971 685 3024 retheris
699 2973 754 3043 est)

250 3063 277 3100 et
296 3051 409 3104 atberea
433 3067 537 3106 natura.
561 3053 648 3104 Verba
672 3054 754 3104 etiam

249 3129 338 3181 Stoica
348 3129 488 3203 disciplina
498 3133 675 3203 frequentata.
685 3133 754 3183 Nam

248 3208 349 3260 Zenoni
369 3211 427 3266 Νοῦς
446 3210 533 3276 κόσμον
549 3207 654 3280 nuptie,
667 3223 692 3262 ct
706 3213 755 3261 Po·

249 3289 355 3340 sidonio
374 3293 467 3354 irritae
486 3288 555 3359 respic
574 3289 613 3340 aei
635 3289 752 3356 rvpdbe,

249 3371 324 3437 cnjus
338 3371 458 3422 scintillae
475 3384 501 3423 et
523 3368 710 3435 interritum
722 3391 754 3424 ac

250 3449 377 3512 antipam
389 3465 449 3502 sunt
463 3453 562 3502 animm.
576 3453 627 3503 lles
637 3453 692 3522 ipsa
699 3455 754 3521 jorn

249 3528 476 3602 Pythagoreorum
504 3531 609 3603 placitis
635 3535 755 3584 contine·

249 3607 339 3660 batur.
353 3613 382 3662 cl
403 3611 526 3663 Bruclteri
539 3611 605 3663 Hirr.
622 3613 678 3662 crit.
694 3613 757 3663 Plri-

252 3687 296 3739 los.
310 3693 340 3740 T.
360 3691 424 3763 l‚p.
443 3693 755 3764 948sq.(etqninnnc

249 3781 313 3840 post
330 3769 404 3820 illum
417 3773 600 3842 superioribus
614 3775 690 3825 annis
703 3793 756 3824 ma·

248 3849 308 3916 jore
327 3846 472 3901 subtilitate
487 3851 579 3903 eadem
601 3855 755 3923 persequuti

250 3938 329 3990 sunt,
363 3927 479 3980 Meiners
509 3944 534 3982 et
560 3931 753 4004 Tiedemann).

249 4007 369 4059 Ornatus
382 4007 460 4060 valde
473 4007 558 4064 locus.
573 4013 652 4062 noxia
664 4031 756 4084 corpo·

250 4105 296 4153 ru,
310 4087 454 4158 preclare,
468 4089 689 4161 qnandoquidem
702 4092 755 4142 vim
774 4123 777 4128 ι

803 2017 898 2068 divinae
912 2016 1021 2070 flamme
1034 2014 1159 2068 obtundit
1172 2015 1301 2066 terrestris

803 2111 899 2149 natura
919 2098 1048 2168 corporis.
1068 2095 1240 2158 moribunda,
1253 2111 1302 2164 pro

801 2177 919 2249 vulgari,
942 2176 1073 2228 mortalia.
1090 2175 1166 2226 *Hinc
1182 2183 1305 2225 metuunt

802 2257 981 2329 cupiuntque,
1000 2275 1016 2308 a
1038 2256 1158 2326 corporis
1179 2255 1302 2325 contagio

803 2339 951 2388 animorum
965 2336 1179 2408 perturbationes
1193 2348 1218 2387 et
1232 2335 1304 2404 cupi·

803 2417 899 2469 ditates
923 2417 1142 2488 proficiscuntur,
1167 2433 1198 2467 ex
1225 2415 1303 2466 bonis

804 2497 932 2566 malisque
941 2499 1065 2567 opinatis.
1075 2495 1146 2548 conf.
1161 2493 1231 2546 Serv.
1244 2495 1304 2544 Por-

803 2580 965 2648 rncorporis
985 2591 1112 2648 tauquam
1137 2593 1243 2628 carcere
1266 2576 1306 2626 in-

803 2657 881 2710 clusoe
895 2657 979 2710 lucem
993 2679 1045 2711 non
1057 2658 1218 2730 dispiciunt,
1231 2676 1305 2728 pros·

803 2739 920 2808 picium,
942 2751 1036 2789 ornate
1055 2755 1119 2809 pro,
1140 2757 1246 2788 carcere
1269 2739 1306 2788 in·

804 2816 957 2868 cluduntur.
980 2819 1048 2870 Nam
1072 2835 1168 2890 corpus
1191 2817 1305 2868 vinculis

805 2897 885 2947 animi
916 2897 1087 2970 tenebrisque
1119 2897 1304 2964 assimulatur,

804 2976 900 3046 quibus
911 2977 957 3027 ille
970 2979 1132 3042 offuscatur,
1146 2990 1171 3028 et
1189 2995 1205 3027 a
1221 2976 1306 3028 libera

804 3073 892 3107 rerum
907 3056 1131 3127 contemplatione
1152 3055 1303 3106 retrahitur.

803 3133 1031 3206 Cic.Somn.Scip.
1039 3135 1088 3186 sub
1100 3135 1118 3186 f.
1126 3135 1306 3206 Suntoptimoe

804 3232 873 3266 curte
886 3215 916 3266 de
929 3214 1014 3266 salute
1024 3214 1130 3286 panim
1144 3213 1239 3285 quibus
1251 3214 1306 3285 upi-

805 3303 873 3345 tatus
883 3305 909 3345 et
917 3293 1072 3345 exercitatus
1080 3293 1182 3344 animus
1195 3291 1307 3342 velocius

805 3373 832 3424 in
846 3373 914 3423 banc
923 3375 1006 3425 sedem
1016 3383 1043 3423 et
1052 3373 1156 3424 domum
1167 3390 1240 3424 suam
1251 3390 1308 3442 pen

806 3452 917 3518 volabit,
932 3453 1010 3524 idque
1022 3451 1094 3502 ocius
1106 3450 1192 3520 societ
1200 3489 1208 3516 ‚
1221 3451 1307 3521 sijum

807 3528 1307 3604 tum‚quumeritinclususincorpore‚

805 3611 930 3662 eminebit
941 3609 1033 3679 foras,
1047 3619 1071 3659 et
1083 3629 1132 3673 ea,
1154 3625 1213 3681 quoe
1236 3619 1309 3659 extro

805 3700 884 3739 entur
890 3726 899 3752 ,
907 3686 1099 3759 contemplans,
1109 3689 1308 3760 quammaxime

804 3787 830 3821 se
852 3789 867 3818 a
893 3787 999 3840 corpore
1022 3768 1158 3820 abstrahet.
1188 3769 1309 3820 Observa

807 3847 880 3920 qnod
903 3849 938 3900 ad
964 3847 1059 3901 clausor
1085 3850 1136 3919 734
1159 3849 1309 3918 subjectum

806 3929 898 4000 paullo
911 3928 1017 4000 longius
1036 3927 1210 4000 repetendum
1223 3941 1262 3980 est
1277 3945 1309 3980 ex

807 4025 859 4082 7²⁰
876 4010 992 4060 anime:
1007 4027 1089 4080 quum
1103 4011 1308 4062 intervenissent

804 4090 971 4160 jamsemr'na
985 4091 1043 4158 730.
1061 4105 1083 4140 r.
1118 4161 1121 4171 Ι
