2892 4674
381 339 617 406 AENHIDOS
637 341 793 406 'LIBER
815 343 924 408 Vlll.
1109 349 1171 428 435

140 465 244 531 Sensit
254 465 328 529 laeta
340 460 423 528 dolis
436 481 468 528 et
480 464 595 529 fortuae
606 465 737 530 conscia
748 465 901 555 conjunx.

140 573 226 640 Turn
238 587 331 659 pater
342 586 464 635 aeterno
476 571 564 636 fatur
574 569 746 638 devinctus
757 593 869 635 amore
882 594 888 633 :

145 674 254 757 «Quid
267 697 394 741 caussas
406 675 490 764 petis
502 676 638 742 exalto?
649 675 769 741 fiducia
782 678 878 742 cessit

141 781 214 863 Quo
225 767 402 860 tibisdiva,
414 781 500 848 mei?
510 781 629 848 Similis
642 782 670 846 si
680 803 760 846 cura
771 781 900 862 fuisset,

142 889 226 951 Tum
240 911 374 978 quoque
383 889 434 954 fas
446 888 541 954 nobis
553 891 699 956 Teucros
709 912 836 954 armare
848 890 978 970 fuisset3

143 994 209 1060 Nec
221 997 316 1060 Peter
327 995 536 1084 omnipotens
547 995 696 1086 Trojam‚
710 1017 772 1060 uec
784 994 849 1060 fata
862 996 1016 1062 vetabant

142 1099 246 1179 Stare,
260 1098 442 1189 decemque
453 1101 534 1166 alios
546 1102 709 1165 Priamum
723 1121 896 1190 superesse
908 1123 968 1189 per
979 1125 1093 1168 annos.

145 1205 184 1268 Et
196 1227 298 1284 nunc,
312 1205 339 1270 si
350 1203 473 1270 bellare
485 1228 593 1294 paraS,
606 1222 705 1294 atque
718 1205 789 1270 haec
802 1203 861 1269 tibi
872 1227 966 1270 mene
979 1226 1042 1286 est,
1136 1223 1181 1282 too

142 1307 313 1398 Quidquid
326 1312 359 1374 in
371 1327 440 1375 arte
449 1333 522 1376 mea
533 1333 668 1399 possum
681 1311 873 1398 promittere
885 1331 986 1390 curae,

145 1498 195 1532 tura
206 1486 312 1533 incidere
324 1490 404 1550 possis.
415 1513 446 1524 -
458 1485 511 1550 394.
523 1488 622 1542 dwr’ettu
634 1499 687 1532 aute
696 1487 775 1534 Heius.
786 1487 810 1531 in
823 1485 913 1550 rulgg„
925 1487 989 1551 quod
1001 1488 1103 1540 deterius
1112 1493 1151 1542 hic
1161 1509 1185 1542 et

145 1555 200 1602 slrlti
213 1555 353 1603 habendum.
364 1583 395 1594 -
403 1557 456 1620 395.
463 1557 487 1623 f·
499 1561 568 1604 sensit
576 1557 645 1604 Goth.
656 1568 722 1613 tere,
732 1573 810 1620 prate.
821 1581 851 1592 -
861 1555 913 1618 396.
925 1559 986 1616 Quid
997 1559 1036 1605 tibi
1044 1562 1113 1608 codd.
1124 1566 1184 1611 Pier.

146 1627 249 1673 Parthas.
262 1627 329 1686 Quod
339 1637 355 1674 t.
368 1629 433 1675 Hom.
446 1627 504 1686 Quoe
516 1629 556 1674 titt
564 1628 649 1674 Medic.
663 1619 718 1674 a'm.
731 1643 780 1689 pr,
793 1625 857 1690 quod
869 1628 977 1674 Heinsius
988 1629 1137 1680 distinctione
1147 1636 1187 1680 ad·

141 1698 216 1759 juvet.
224 1697 313 1759 fiducie
326 1699 408 1744 cessit?
422 1699 478 1757 Quoe
490 1699 539 1754 eslii,
552 1699 615 1750 diva,
627 1699 671 1743 mei
680 1695 758 1742 ss'rnt'lis
769 1700 791 1743 ει·
798 1697 944 1760 cumfus'sset
954 1699 1064 1746 Hostend.
1077 1719 1122 1750 sec.
1137 1705 1187 1764 Quo

145 1765 196 1822 tibi,
207 1769 265 1822 vite,
276 1766 346 1814 solito
357 1769 419 1814 inter
430 1780 532 1815 amentes
543 1767 717 1823 blandimento,
729 1769 806 1831 inquit
816 1769 910 1824 Burin„
921 1769 986 1832 quod
1000 1770 1102 1818 alienum
1112 1791 1125 1820 a
1134 1792 1188 1838 gre-

125 1849 128 1856 ·
146 1839 216 1884 vitate
228 1839 302 1902 epica.
314 1841 336 1883 si
344 1853 400 1884 cum
408 1838 510 1886 subisset.
521 1842 584 1902 conj.
594 1839 688 1894 Heius,
699 1855 730 1885 ue
743 1839 779 1884 his
791 1841 816 1884 in
827 1839 927 1886 eandem
940 1856 1020 1886 rocem
1033 1843 1124 1892 desinet
1134 1863 1200 1894 rer--

147 1925 192 1956 stu.
211 1910 282 1972 Atqui
295 1909 340 1957 lroc
353 1909 432 1958 studio
445 1911 527 1958 fecisse
541 1911 615 1956 dicam
629 1923 735 1972 poetam
753 1909 791 1955 hic
803 1923 827 1956 et
838 1908 908 1964 alibi,
924 1924 950 1956 ut
961 1917 1076 1960 sententis
1088 1929 1188 1982 utraque

148 1993 212 2027 tauto
229 1981 409 2028 manifestiorem
426 1997 453 2027 ex
471 1984 656 2044 reciprocatione
672 1980 769 2027 haberet
786 1982 876 2026 rimae
893 1983 1013 2040 veritatem
1029 1982 1187 2048 (issimus),

148 2051 209 2098 Alias
218 2067 261 2098 nce
272 2068 323 2115 sup.
334 2053 367 2108 H,
379 2067 422 2114 ²9²
433 2050 501 2098 simili
511 2051 580 2097 sibilo
590 2049 708 2097 extulisset
718 2067 724 2096 :
734 2051 760 2096 Si
767 2051 876 2114 Petyamo
885 2051 966 2096 metm
976 2051 1075 2114 Defende*
1084 2069 1189 2120 possent,

148 2126 214 2168 elilim
225 2121 265 2169 leuc
276 2123 368 2187 defensa
371 2124 480 2188 fuissent.
490 2123 598 2169 Heinsius
607 2137 677 2185 pom
686 2119 756 2166 simili
766 2119 795 2166 de
807 2134 886 2167 caussa
896 2120 976 2168 delere
986 2123 1086 2170 malebat
1098 2144 1189 2174 versum

149 2206 291 2256 sequentem.
305 2220 336 2231 -
349 2195 402 2257 397.
420 2197 478 2239 Tum
491 2207 592 2258 quoque‚·
606 2193 647 2256 qui
663 2208 676 2237 a
690 2189 787 2237 Mentel.
799 2205 845 2235 sec.
858 2189 938 2235 aberat
949 2207 961 2235 a
971 2207 1007 2252 pr.
1020 2208 1065 2249 m.,
1082 2208 1105 2242 et
1118 2212 1189 2260 quem

149 2263 211 2310 salvo
222 2277 290 2311 sensu
300 2265 380 2312 abesse
391 2279 458 2328 posse
469 2264 578 2328 putabam
587 2263 651 2327 quod
662 2261 720 2308 mihi
732 2277 798 2308 seem
809 2260 914 2316 ridetur3
925 2275 976 2307 nam
988 2263 1038 2310 sine
1049 2281 1078 2311 eo
1088 2267 1131 2312 sibi
1142 2282 1190 2314 non

146 2349 237 2382 cosmas
248 2339 377 2384 sententia:
390 2352 461 2400 quam
468 2351 515 2383 non
522 2349 631 2400 assequor
638 2333 731 2398 qualem
742 2333 786 2379 sibl
796 2332 905 2379 linxerint
915 2335 960 2380 viri
973 2333 1044 2380 docti.
1055 2338 1191 2400 Agnoscunt

149 2396 240 2454 versum
249 2407 384 2455 Helinianus
396 2421 419 2454 et
430 2409 571 2464 Priscianus,
585 2407 718 2454 Hurmuno
730 2403 825 2451 laudati.
837 2403 918 2451 Elerst
929 2419 1024 2469 quoque
1036 2407 1125 2456 Heius'li
1139 2426 1191 2459 sus-

150 2479 266 2542 picionem
278 2476 459 2542 Hminfllureus.
469 2504 500 2515 -
509 2479 563 2542 397.
575 2495 598 2526 v.
610 2477 640 2524 sd
648 2476 748 2541 preeed.
763 2478 827 2521 Tune
838 2473 936 2522 Durrill.
949 2488 972 2522 et
983 2477 1053 2523 Goth.
1065 2489 1117 2527 teet.
1131 2483 1192 2528 Teu·

148 2565 201 2598 cros
210 2549 272 2602 nobis
282 2545 364 2598 Frsnc.
378 2575 410 2588 -
423 2551 476 2612 398.
490 2551 637 2615 emmpudm
645 2549 704 2596 Cod.
717 2549 822 2612 Hutflen.
834 2562 898 2594 nune
909 2547 974 2596 leid.
987 2573 1019 2584 -
1032 2549 1086 2613 399.
1096 2553 1191 2618 deeimq.

151 2623 200 2670 duo
210 2624 289 2672 num.
303 2647 335 2660 -·
346 2621 401 2680 doe.
412 2625 434 2671 ει·
443 2621 502 2670 lello
515 2635 608 2688 reparas
619 2621 689 2670 Gotlr.
702 2637 749 2668 sec.
758 2645 791 2658 -
802 2619 856 2677 dot·
867 2629 962 2684 possunt
970 2637 994 2685 p.
1005 2637 1067 2668 curse
1079 2624 1166 2673 Medic.
1179 2645 1193 2675 a

151 2777 300 2847 rumpitur,
320 2773 368 2826 sed
391 2775 429 2828 sic
452 2793 521 2846 serpe
544 2773 647 2846 poete)
695 2771 963 2824 anteoeulosfuissez
976 2771 1192 2826 Curcoeteratam

152 2854 234 2908 disis:
249 2858 421 2924 eaperetem‘t
434 2854 546 2913 nimbos,
562 2853 646 2906 nubes
695 2871 727 2904 ex
749 2849 803 2904 alto
825 2852 959 2923 appetissis
976 2851 1103 2916 dissidia,
1122 2861 1193 2926 Aqa.

151 2934 250 2988 densas
267 2944 294 2984 et
312 2945 400 2998 atres,
418 2930 519 2983 lumine
535 2949 646 2984 comco-
696 2933 839 2982 mennon?
851 2960 881 2972 -
896 2930 956 2999 396.
971 2928 1033 2997 397.
1056 2931 1158 2984 Similis
1175 2935 1197 2984 si

189 3013 250 3083 393.
270 3010 330 3062 leta
346 3008 419 3062 dolis.
434 3011 480 3060 Est
502 3027 565 3062 sane
581 3013 649 3062 dete·
696 3009 881 3080 censuisset,
894 3007 978 3060 situle
989 3006 1196 3078 quidtihicordi

154 3089 279 3162 qpsss'sm
287 3085 363 3140 Hind.
372 3088 388 3153 ξ
393 3124 402 3148 ,
413 3087 479 3158 329,
489 3086 536 3140 setl
546 3099 650 3152 ornate,
697 3089 803 3149 fuissem
812 3091 835 3140 si
842 3088 970 3140 voluisses
977 3109 982 3138 :
990 3089 1069 3141 etiam
1077 3102 1132 3142 tum
1141 3093 1198 3144 lieri

154 3174 212 3226 leta
228 3185 351 3222 successu
363 3165 420 3218 doli
432 3177 459 3220 et
473 3163 575 3218 fraudis
587 3183 649 3216 sue.
700 3169 838 3240 potuisset,
845 3179 875 3218 nt
883 3169 1002 3232 Teucris,
1012 3167 1039 3220 li.
1050 3169 1146 3241 Enete,
1156 3173 1197 3225 vel

154 3255 198 3307 Sic
209 3251 256 3314 lv,
272 3247 319 3302 128
332 3245 439 3317 risitque
451 3241 516 3296 dolis
527 3243 652 3315 Cytherea
699 3246 1124 3321 Paridinrmsperarem.—398.
1136 3253 1197 3322 399.

155 3331 270 3404 repertis.
280 3329 321 3382 Sic
329 3341 355 3380 et
359 3326 456 3398 fonnoe
467 3325 581 3390 conscia,
594 3341 654 3376 sen·
700 3324 806 3379 Scilicet
828 3327 885 3378 fata
904 3328 1038 3379 immutari
1061 3347 1116 3382 uon
1136 3349 1199 3400 pos·

156 3416 239 3476 tiens,
252 3427 333 3481 quem
345 3409 399 3460 rim
414 3407 501 3456 forma
518 3403 552 3456 sd
566 3404 653 3456 msuti
703 3417 778 3472 sunt,
790 3405 895 3458 differri
905 3419 1016 3478 possunt
1027 3429 1034 3457 ε
1045 3424 1126 3479 supra
1138 3411 1199 3475 vlt,
1215 3408 1219 3417 '

157 3483 655 3554 animumnuncheltest.-39d.oeten
702 3485 1202 3560 313Nondabiturreqnis,esto,proll-

155 3564 653 3638 mamore5pomntiusrerbumqnm‚
703 3569 761 3620 bere
773 3565 889 3632 Latinis,
899 3566 1103 3638 Atqueirurooto
1112 3583 1201 3624 manet

157 3651 283 3720 antiquo,
294 3647 416 3718 pristino.
435 3644 537 3696 Preivit
549 3643 653 3696 Lucret-
703 3648 765 3699 fatis
781 3645 893 3697 &vinis
905 3647 1035 3716 confine,-
1050 3648 1086 3698 At
1096 3647 1201 3702 trahere

157 3731 180 3792 1,
187 3727 323 3781 secerno
331 3725 463 3780 devitemus
472 3721 576 3776 volnere
584 3741 656 3774 umo-
705 3739 785 3797 atque
795 3743 883 3777 moras
894 3724 973 3778 uotis
983 3723 1045 3778 licet
1057 3725 1155 3781 addere
1164 3747 1203 3779 re·

158 3810 203 3861 ris.
214 3807 317 3877 -s9⁵.
335 3803 407 3873 Quid
422 3817 476 3856 tam
493 3805 571 3876 longe
584 3802 656 3871 (No-
706 3803 1202 3875 bus.eoni.Serv‘.‚quinctionemhene

159 3889 234 3940 nius:
243 3905 275 3938 ex
282 3897 385 3938 vetusto
396 3895 422 3936 et
432 3885 553 3955 antiquo)
560 3884 657 3954 repetis
706 3885 740 3937 sb
754 3883 871 3936 Etruscis
888 3885 1001 3956 repetit:
1015 3886 1093 3937 nimis
1110 3886 1203 3952 docte,

160 3977 331 4037 argumente,
355 3961 452 4034 quibus
472 3981 513 4015 roe
533 3964 659 4016 moveas?
708 3981 788 4035 quum
805 3967 833 4016 iu
847 3965 994 4018 Homericis
1015 3965 1092 4018 obvia
1109 3969 1153 4018 siti
1168 3995 1203 4006 -

159 4047 243 4098 Aiunt
257 4045 357 4098 Attium
370 4044 397 4096 in
410 4060 542 4096 armorum
555 4042 658 4111 judicio
707 4044 767 4110 doe.
781 4042 841 4112 403.
857 4042 991 4114 Quicquid
1003 4061 1087 4110 curse,
1100 4064 1203 4116 operre,

987 4130 1026 4181 28.
