3028 4682
255 339 318 403 216
617 325 883 398 EXCURSUS
907 333 921 396 1
991 387 996 407 ,

252 465 319 516 meri
327 459 463 533 exemplo,
474 477 534 526 eos,
546 460 590 530 qui
597 462 653 530 jam
663 462 841 512 enteAEneam
850 461 991 527 obiissent,
1007 477 1099 512 reruni
1106 461 1292 532 posteritatem

254 561 362 613 quoque
374 545 402 593 in
413 540 549 594 AEneidem
560 542 672 606 inferre,
685 543 776 612 reique
786 543 904 593 novitate
916 554 1102 611 tantorumque
1113 542 1231 593 uirorum
1243 559 1292 592 no·

252 623 382 688 minibus,
395 625 579 673 airctoritatem
586 623 696 672 carmini
704 635 730 674 et
739 623 895 699 suavitatepr
904 639 1058 694 comparare
1071 635 1169 694 posset.
1179 621 1292 691 Sequuti

202 719 207 726 ·
252 702 325 756 idem
337 705 471 754 inventum
482 715 543 754 sunt
556 703 716 755 recentiores
730 715 815 774 poetar
828 704 912 774 epici;
928 703 961 754 de
974 703 1069 773 quibus
1084 705 1153 755 infra
1166 721 1214 754 suo
1229 701 1289 752 ioco

252 781 372 852 (Excute.
385 781 456 852 xttl)
463 781 620 834 videbimus.
632 781 770 834 intellectu
777 783 867 852 itaque
875 781 953 833 facile
962 795 1010 846 est,
1018 784 1093 834 varia
1103 795 1128 833 et
1136 781 1218 832 muita
1229 798 1291 832 eru-

252 861 354 914 ditione
363 861 434 914 huno
445 862 542 914 librum
556 879 612 914 esse
622 864 757 914 refertum.
773 863 843 914 Bene
855 861 960 914 Servius
973 862 1008 914 ad
1019 880 1043 912 v.
1061 878 1069 912 ι
1088 863 1167 914 Totus
1184 861 1292 933 quidem

255 939 283 995 V
281 939 383 1012 irpiliru
390 941 499 993 scientia
506 939 601 1012 plenus
610 951 660 1007 est,
673 941 701 992 in
713 960 766 1012 quo
777 939 892 993 biclilrer
900 941 1011 1011 possidet
1017 941 1210 1012 principatum,
1219 940 1294 1009 cujus

252 1037 286 1070 cx
298 1019 413 1071 Homero
420 1039 481 1091 pars
493 1022 576 1091 major
587 1036 672 1072 sumta
682 1030 725 1072 cst.
738 1021 775 1071 Et
782 1021 908 1071 dicuntsic
916 1019 1008 1092 aliquo
1020 1019 1192 1091 simpliciter,
1205 1015 1292 1067 multa

252 1097 416 1163 clamatoriae,
434 1097 518 1150 mislta
528 1117 577 1170 per
588 1098 670 1150 altam
681 1099 817 1152 scientiam
831 1098 1052 1171 Philosophorum
1073 1096 1290 1169 Tlieolopicorum

251 1175 439 1247 AEgyptiorum
446 1217 455 1242 ,
469 1180 536 1230 adeo
547 1189 577 1228 ut
584 1179 705 1250 plerique
715 1178 747 1229 de
757 1178 796 1232 tis
809 1177 920 1251 sinpulis
932 1178 1006 1246 liujus
1018 1177 1079 1230 libri
1090 1178 1201 1249 intepras
1209 1175 1293 1244 scrip-

252 1257 333 1308 serint
342 1258 515 1325 πραγματείας.
528 1261 611 1311 Forte
619 1277 651 1310 ex
661 1259 703 1310 liis
718 1259 847 1311 nonnulla
858 1261 927 1312 inter
938 1261 1123 1330 grammaticas
1136 1255 1293 1328 quisquilias

252 1334 335 1386 Servii
349 1350 538 1402 concoenare,
552 1340 601 1390 etsi
613 1356 643 1390 ex
655 1339 686 1389 iis
702 1338 829 1408 pleraque
842 1352 928 1409 poeta
940 1352 966 1390 et
984 1339 1141 1389 sententiam
1155 1347 1181 1386 et
1190 1334 1295 1405 elegan-

253 1417 319 1488 tiam
329 1417 464 1470 offuscant
475 1419 580 1488 potins,
592 1437 671 1488 quam
681 1418 822 1470 illustrant.
833 1419 875 1469 Ad
887 1431 972 1489 poete
984 1431 1067 1470 artem
1078 1415 1104 1468 ot
1112 1416 1246 1487 ingenium
1256 1431 1296 1464 rc·

254 1496 395 1547 ferendum
408 1497 472 1548 milii
483 1498 589 1550 ridetur
600 1512 626 1551 et
637 1499 704 1565 boc,
723 1499 809 1570 quod,
824 1517 905 1570 quum
920 1500 1131 1551 vaticiniorum
1144 1509 1170 1548 et
1184 1493 1296 1566 praedic·

255 1575 358 1626 tionum
371 1577 526 1650 ambagiBus
539 1581 681 1630 maximum
689 1579 741 1631 sibi
751 1582 832 1650 epicae
840 1581 1015 1642 narrationis,
1029 1598 1086 1650 quae
1097 1579 1198 1630 animos
1206 1593 1295 1626 rerum

254 1656 584 1728 mirarumexspectatione
594 1660 738 1724 detineret,
748 1659 899 1730 presidium
906 1661 1026 1730 petiisset
1033 1697 1041 1724 ‚
1049 1678 1121 1710 nunc
1131 1675 1236 1728 quoque
1244 1655 1297 1726 pri-

254 1751 329 1784 mum
338 1735 513 1806 Trojanornm
525 1738 559 1790 ad
572 1738 674 1791 ltaliam
686 1756 820 1791 accessum
831 1757 967 1790 sacrorum
975 1737 1177 1790 ctoraculorum
1189 1734 1296 1804 religio·

255 1829 292 1864 ue
306 1816 381 1883 quasi
394 1819 574 1882 consecravit,
586 1819 677 1888 reique
696 1817 763 1870 adeo
779 1835 886 1869 summae
898 1819 992 1869 miram
1006 1818 1174 1888 dignitatem,
1193 1828 1219 1866 et
1236 1813 1298 1863 fatis

258 1890 293 1942 ad
305 1893 400 1944 exitum
409 1896 464 1964 jam
475 1899 657 1968 spectantibus
677 1915 774 1950 noram
790 1909 883 1950 tamen
899 1916 930 1950 ex
946 1886 1021 1950 no'ris
1040 1895 1143 1970 Sibyllae
1162 1893 1297 1966 responsis

257 1975 481 2044 exspectationem
492 1979 604 2050 paravit.

707 2137 848 2154 ..ιθ-ιι...

538 2175 1006 2334 oxenesosit
1157 2297 1187 2340 a

291 2425 457 2524 'Locortun
471 2429 559 2490 eirea
574 2423 746 2491 Avernum
761 2425 954 2513 descriptio,
971 2453 1027 2493 seu
1042 2428 1257 2520 topographia

656 2531 893 2621 agriCumoni.
1220 2531 1223 2538 ’

292 2680 366 2732 Libri
377 2680 455 2750 hujus
467 2683 510 2732 rix
522 2683 585 2733 satis
602 2699 698 2754 magna
713 2699 770 2735 esse
782 2694 872 2753 potest
883 2683 1016 2748 suevitns5
1035 2685 1086 2735 nisi
1105 2683 1224 2737 locorum
1239 2685 1301 2736 des-

258 2761 416 2830 criptionem
429 2760 513 2812 oculis
525 2763 667 2830 animoque
686 2761 836 2831 subjectam
848 2761 957 2813 habeas.
970 2763 1058 2828 Quane
1071 2780 1153 2832 quum
1165 2763 1239 2814 multi
1251 2761 1300 2814 de-

259 2839 360 2904 derint,
373 2860 458 2912 nuper
468 2855 555 2894 tamen
565 2841 716 2913 diligentius
729 2861 760 2894 ea
775 2841 858 2895 literis
877 2841 995 2912 caeloque
1005 2861 1130 2913 expressa
1137 2856 1176 2895 est
1186 2842 1300 2895 aPaullo

258 2918 335 2989 (Ant.
348 2918 428 2972 Paoli
443 2923 469 2973 in
484 2917 639 2972 Puteolanis
649 2919 777 2993 Antiqq.)
789 2935 815 2974 et
830 2921 965 2974 coloribus
984 2921 1072 2973 vivide
1088 2921 1194 2974 reddita
1212 2921 1245 2973 ab
1258 2921 1299 2972 ill¹

257 2998 326 3070 Equ.
339 2998 373 3052 de
383 3000 517 3053 Hamilton
529 3002 557 3050 in
571 2999 674 3070 Campis
685 2999 827 3073 Pltleprecis
837 3003 913 3052 Toni.
924 3002 949 3066 1,
960 3001 1016 3053 tab.
1028 3002 1101 3052 XVII
1110 3019 1169 3072 sqq.
1179 3013 1205 3052 et
1215 3019 1301 3071 nuper

258 3078 318 3130 Nic.
328 3079 434 3132 carterii
442 3081 470 3130 in
479 3076 641 3130 Storiodella
652 3079 755 3151 repione
767 3080 935 3131 obbraccicte
943 3080 970 3131 in
978 3077 1302 3150 CompopnafelioelNea-

257 3158 315 3230 poli
331 3161 404 3228 1787.
416 3157 460 3230 4.)
473 3172 498 3210 et
508 3156 624 3210 Bretslulr
636 3160 663 3208 in
676 3159 818 3230 Comparate
828 3159 876 3210 To.
887 3161 910 3210 11
920 3179 946 3231 p.
961 3159 1009 3226 148
1020 3176 1060 3229 eq.
1073 3159 1142 3209 Nam
1154 3157 1303 3210 illam-clio·

258 3237 444 3310 ropraphiam‚
456 3256 514 3308 qua
527 3240 554 3288 in
564 3237 687 3290 Mazzella
705 3251 731 3290 et
742 3238 805 3291 binc
816 3239 888 3310 apud
899 3239 965 3291 alios
979 3237 1157 3308 conspicitur,
1172 3236 1303 3288 nonnulla

258 3338 355 3392 parum
375 3333 498 3372 accurate
515 3317 649 3372 delineata
668 3319 768 3382 habere
781 3339 831 3372 usu
843 3321 921 3374 facile
939 3319 1155 3390 deprehenditur.
1168 3320 1303 3370 Procurrit

258 3403 329 3452 inter
340 3399 464 3452 Puteolos
477 3412 503 3450 et
514 3398 611 3450 Cumas
626 3414 753 3472 angustus
766 3419 829 3473 ager
845 3402 871 3452 in
884 3400 1096 3472 promontorium
1110 3399 1241 3450 Misenum
1256 3397 1304 3448 de-

260 3482 357 3532 sinens.
371 3481 517 3533 Puteolano
530 3498 550 3530 s.
565 3481 664 3532 Baiano
675 3483 746 3533 sinui
754 3483 873 3534 imminet
885 3482 958 3534 lacus
971 3482 1106 3544 Avernus,
1120 3479 1241 3550 adeoque
1253 3478 1305 3530 Cu·

259 3563 310 3612 inis
320 3559 365 3613 ilie
373 3579 388 3612 a
396 3573 470 3632 tergo
481 3563 555 3612 situs.
567 3561 659 3613 Facies
669 3561 743 3613 lacus
756 3579 827 3614 nunc
840 3561 947 3632 quidem
958 3559 1017 3611 talis
1027 3571 1080 3624 est,
1088 3573 1118 3610 ut
1131 3559 1304 3610 circumcirca

260 3641 329 3693 colle
339 3642 431 3694 leviter
443 3641 546 3706 acclivi,
559 3653 598 3706 et,
609 3654 704 3712 preter
714 3661 772 3694 eam
782 3656 900 3713 partem,
912 3657 967 3711 qua
979 3639 1013 3692 ad
1024 3659 1097 3692 mare
1108 3637 1192 3708 (sinus
1200 3637 1303 3708 Baiani)

259 3732 417 3791 prospectus
437 3731 527 3790 patet,
543 3722 599 3772 iere
616 3736 747 3792 perpetuo
765 3722 898 3773 ambiente
914 3723 941 3771 in
956 3721 1050 3772 orbem
1068 3719 1113 3772 ille
1134 3718 1302 3770 rotundetur.

260 3795 412 3848 stadiorum
425 3800 542 3868 quinque
553 3799 682 3850 ambitum
691 3801 746 3869 jam
759 3799 822 3852 oiim
841 3797 974 3852 Diodorus
987 3799 1071 3854 edidit
1083 3798 1129 3850 lib.
1142 3799 1194 3862 IV,
1215 3815 1239 3848 c.
1260 3814 1302 3849 aa.

260 3874 407 3929 Altitudiue
420 3890 463 3928 est
477 3876 511 3928 ad
523 3877 699 3931 ccxxxvlu
710 3894 737 3932 et
752 3880 852 3932 GCLlii
871 3899 966 3952 passus
980 3878 1142 3949 (secundum
1153 3876 1305 3930 Manellam

259 3955 279 4010 1.
293 3975 315 4008 c.
330 3975 353 4008 c.
367 3955 429 4027 15),
446 3970 524 4008 aucta
537 3957 600 4009 olim
613 3961 641 4012 in
655 3962 811 4014 immensum
823 3983 828 4011 :
842 3961 895 4012 vid.
914 3961 1024 4012 Diodor.
1038 3960 1055 4011 i.
1078 3977 1101 4011 c.
1120 3957 1181 4011 add.
1195 3960 1303 4010 aristot.

259 4036 358 4094 Mirab.
372 4035 462 4090 Audit.
476 4055 499 4090 c.
518 4038 575 4093 108.
585 4057 612 4110 p.
632 4055 681 4112 727
695 4041 724 4098 E.
738 4040 780 4096 ed.
797 4039 833 4094 du
847 4041 915 4100 vali.
930 4041 1084 4098 decrescere
1095 4051 1185 4094 tamen
1198 4051 1224 4092 et
1236 4049 1307 4092 tem-
