2968 4696
304 344 367 428 370
650 333 917 400 EXCURSUS
941 335 994 399 lv

303 483 372 519 rese
385 457 572 534 septemtrione
589 468 615 510 et
632 457 769 511 occidente
785 457 956 512 adventantes
975 457 1106 513 barbaros
1123 459 1253 534 populos
1275 466 1374 537 prima

303 543 429 597 italorum
442 541 517 611 origo
527 536 667 590 referenda
680 555 737 590 esse
750 537 862 590 videtur.

338 621 523 695 Progredimur
535 635 606 670 nunc
623 616 657 670 ad
675 617 799 682 alterum,
812 618 884 688 quod
901 620 1055 690 posuimus:
1073 639 1174 673 novum
1188 625 1218 673 iu
1238 628 1370 676 carmine

303 720 395 762 nostro
408 701 558 755 fabularum
573 698 709 763 ordinem,
730 717 795 770 quas
811 698 918 752 Italicos
932 699 1032 772 mythos
1049 703 1187 774 appelles,
1206 705 1248 757 ab
1265 706 1367 758 iisdem

302 787 397 858 priscis
407 779 530 854 populis,
544 777 716 848 inprimisque
729 777 762 828 ab
773 776 923 829 husonibus
936 790 961 828 et
968 777 1175 851 Aboriginibus,
1187 782 1365 853 ψαμάθῳ

303 866 383 918 modo
397 859 611 918 adolescentum,
628 856 673 925 qui
684 853 740 906 hec
753 853 854 926 legent,
872 857 972 907 animos
989 875 1020 908 eo
1036 855 1123 910 adhuc
1136 859 1365 924 intenderimus,

305 959 335 998 ut
344 947 525 996 Romanorum
538 936 665 1006 originem
677 933 825 1006 linguaeque
836 935 935 986 Latine
947 953 1053 988 caussas
1070 955 1118 988 suo
1131 939 1184 1008 ipsi
1198 939 1318 1008 judicio
1335 960 1364 992 ex

305 1019 486 1098 superioribus
500 1014 663 1086 intelligant:
683 1031 763 1083 quum
775 1014 886 1064 llomani
903 1014 1067 1066 Albanorum
1080 1014 1169 1068 coloni
1182 1017 1315 1086 fuerint,
1334 1039 1361 1071 ει

303 1101 492 1172 Aboriginum,
504 1093 556 1144 hoc
567 1105 606 1143 est
616 1093 768 1157 Ausonum,
780 1111 891 1164 genere,
905 1092 951 1144 sed
964 1113 1024 1144 cum
1035 1093 1166 1166 Pelasgis,
1180 1108 1223 1160 et,
1238 1098 1267 1148 si
1283 1099 1361 1148 fam

304 1183 403 1237 fundus
415 1195 475 1230 vere
487 1176 553 1238 tuit,
567 1191 626 1225 cum
638 1173 760 1242 Trojanis
774 1191 805 1224 ac
821 1172 918 1225 Grecis
935 1175 1032 1240 mixto,
1050 1174 1082 1226 ad
1100 1175 1317 1248 intelligendum
1335 1179 1360 1228 in

302 1275 411 1339 promtu
432 1270 489 1322 est,
511 1271 658 1306 sermonem
676 1253 824 1304 Romanum
841 1273 857 1304 a
876 1253 975 1305 Latinis
995 1254 1168 1325 inprimisque
1185 1256 1222 1306 ab
1240 1256 1360 1309 Albanis

303 1344 470 1418 proiectum,
484 1351 649 1388 communem
662 1330 829 1402 eundemque
841 1350 901 1382 cum
913 1351 1033 1386 sermone
1047 1334 1202 1400 Ausonum,
1216 1335 1359 1408 hujusque

303 1422 412 1478 nonnisi
420 1417 564 1469 dialectum
570 1413 661 1476 fuisse,
670 1411 799 1463 excultam
806 1423 955 1482 temporum
967 1430 1100 1480 successu,
1106 1432 1187 1484 quum
1198 1429 1358 1467 ceterorum

303 1503 442 1556 Ausonicae
455 1496 543 1566 stirpis
560 1492 722 1564 populorum
739 1511 825 1544 sermo
844 1495 980 1564 antiquam
998 1496 1166 1566 asperitatem
1185 1498 1355 1550 retinuisset,

301 1583 425 1635 Habuere
438 1578 518 1648 igitur
529 1573 622 1644 populi
634 1571 735 1636 italici,
749 1575 835 1642 primo
852 1575 917 1624 ritus
935 1591 966 1625 uc
978 1573 1132 1646 religiones,
1148 1575 1176 1627 in
1188 1574 1283 1627 multis
1298 1579 1357 1647 qui·

304 1661 365 1713 dem
376 1655 448 1708 haud
458 1652 614 1706 abludentes
625 1667 640 1702 a
652 1651 765 1716 Grecis,
778 1665 866 1704 cetera
877 1654 1000 1724 proprias
1009 1672 1039 1705 ac
1050 1651 1220 1718 domesticatu
1231 1655 1356 1708 habuere

305 1759 321 1792 a
333 1737 446 1808 Pelasgis
458 1736 566 1796 lovem,
579 1733 727 1795 lunonem,
744 1731 906 1797 Minervam,
920 1733 1042 1798 Vestam,
1054 1733 1181 1797 Martem,
1196 1753 1259 1786 cum
1275 1736 1354 1798 aliis;

303 1817 422 1869 habuere
445 1813 511 1862 ritus
532 1826 669 1860 sacrorum
688 1827 748 1860 cum
767 1810 961 1880 antiquioribus
980 1812 1078 1863 Grecis
1100 1813 1157 1864 fere
1176 1831 1353 1874 communes;

304 1899 384 1948 etiam
396 1891 500 1966 mythos
512 1888 656 1941 nonnullos
667 1887 826 1940 Graecanicis
839 1890 936 1942 similes
946 1912 954 1952 ;
965 1889 1085 1942 habuere
1098 1891 1165 1942 alios
1177 1893 1244 1942 ritus
1255 1911 1288 1944 ac
1301 1913 1355 1964 mg·

303 1975 364 2026 thos
374 1973 508 2034 variatos,
526 1979 657 2032 mutatos,
677 1966 743 2018 alios
757 1971 880 2039 proprios
894 1987 925 2020 ac
937 1968 1097 2022 domesticos
1109 1988 1124 2020 a
1136 1968 1235 2022 Grecis
1253 1971 1353 2023 ahhor-

304 2067 408 2115 rentes;
421 2050 572 2103 barbariem
582 2061 606 2100 et
619 2045 756 2098 horridam
768 2060 925 2100 vetustatem
937 2047 963 2099 in
976 2049 1007 2100 iis
1020 2047 1097 2100 tacite
1110 2067 1259 2120 agnoscas,
1271 2053 1354 2122 inpri-

304 2135 407 2205 misque
431 2127 644 2215 superstitiosum
667 2123 776 2176 deorum
801 2138 919 2192 metum,
941 2143 1020 2196 quem
1041 2144 1104 2178 saue
1125 2127 1234 2197 injicere
1257 2131 1352 2180 animis

304 2222 429 2286 poterant
439 2225 539 2278 maguae
553 2225 584 2257 ac
594 2203 692 2256 crebre
703 2215 802 2255 nature
814 2206 999 2257 conversiones
1010 2216 1035 2257 et
1048 2204 1262 2276 perturbationes
1272 2207 1301 2256 in
1311 2206 1351 2258 his

303 2291 371 2344 locis
384 2307 415 2341 ex
428 2285 585 2338 tremoribus
598 2283 662 2347 soli,
673 2302 703 2334 ex
716 2284 820 2354 ignibus
830 2283 1025 2342 subterraneis;
1038 2302 1183 2355 eorumque
1192 2287 1351 2356 eruptione,

305 2391 338 2424 ex
350 2383 478 2438 aquarum
495 2364 661 2433 stagnatione
674 2361 851 2432 silvarumque
869 2365 981 2414 vastitie.
997 2364 1221 2436 Necyomanteum
1234 2364 1351 2416 Cimme-

305 2452 407 2501 riorum
418 2444 515 2504 eratin
526 2439 622 2489 linibus
633 2438 916 2514 anthropophagorum
927 2442 1135 2514 laestrygonum
1150 2460 1224 2495 sacra
1232 2442 1351 2496 humane

307 2529 335 2577 iu
343 2525 408 2575 locls
420 2520 454 2573 ad
465 2518 596 2580 Tiberim
607 2519 690 2568 Fauni
703 2519 812 2572 oracula
824 2521 994 2574 incubatione
1007 2523 1033 2573 in
1047 2523 1212 2574 victimarum
1223 2541 1349 2576 caesarum

310 2601 427 2674 pellibus
437 2611 553 2668 accepta.
567 2595 709 2649 Habebunt
721 2597 801 2650 iidem
812 2599 917 2653 tabutas
930 2615 956 2653 et
965 2603 1131 2655 narrationes
1143 2620 1205 2654 suas
1218 2623 1233 2654 a
1244 2606 1350 2672 majori-

305 2682 355 2734 bus
369 2690 492 2750 uceeptss
507 2694 587 2748 super
604 2678 704 2750 origine
719 2695 769 2731 sua
783 2698 813 2732 sc
832 2683 916 2750 primo
928 2684 988 2732 vitre
1005 2681 1094 2752 cultu,
1112 2681 1238 2755 symbolis
1251 2685 1305 2735 fere
1318 2703 1348 2736 ις

307 2761 458 2837 symbolicis
470 2759 590 2830 personis
604 2775 756 2828 expressas,
770 2758 804 2812 ed
820 2779 885 2832 quas
900 2781 1068 2836 magnopere
1082 2763 1234 2815 italicarum
1246 2765 1349 2816 fabula·

307 2861 366 2895 rum
375 2839 460 2904 redit,
473 2851 529 2888 tum
543 2855 623 2907 super
639 2835 828 2892 illustrioribus
841 2841 943 2912 aliquot
955 2843 1017 2893 viris
1029 2842 1071 2895 vel
1086 2841 1230 2910 heroibus,
1242 2857 1267 2896 et
1280 2864 1346 2896 nou-
1430 2837 1431 2852 ¹

307 2923 386 2976 nullis
395 2933 494 2972 naturae
504 2917 605 2968 eventis
618 2918 815 2990 insignioribus,
826 2920 874 2972 sed
885 2921 1008 2973 fabuloso
1021 2921 1068 2974 illo
1081 2925 1209 2974 sermonis
1222 2937 1248 2975 et
1260 2943 1347 2976 narra-

308 3005 388 3055 ¹i⁰¹¹i⁸
400 3018 495 3074 genere
506 2998 605 3069 0¹P⁰¹¹i
616 2997 722 3056 ὓῡῖἰῑθὲῑ
737 3017 823 3070 neque
833 3013 971 3070 poetarum
985 3003 1113 3074 ingeniis,
1125 3016 1154 3054 ut
1167 3005 1236 3056 inter
1244 3003 1346 3057 Grecos

308 3085 423 3146 f³⁰¹¹¹¹¹¹i
436 3076 564 3149 e¹¹P⁰¹l¹as
578 3089 603 3127 ²²
618 3087 741 3138 ‘'malast
755 3077 802 3129 sed
814 3080 874 3150 ipsa
886 3082 1032 3152 argumenti
1046 3081 1151 3132 tristitie
1168 3095 1214 3133 aut
1231 3083 1346 3135 faeditate

307 3160 460 3224 notabiles,
477 3170 506 3207 ut
519 3156 552 3208 de
564 3155 634 3208 Caco
651 3155 763 3208 latrone.
779 3160 871 3229 ltaque
889 3159 974 3212 italici
991 3160 1073 3233 mythi
1084 3160 1162 3233 longe
1175 3179 1190 3211 a
1202 3161 1344 3214 Groneia·
1430 3179 1431 3192 ³

306 3242 378 3294 bule
390 3239 519 3290 suavitate
534 3235 646 3288 absunt:
660 3255 708 3288 nec
720 3239 835 3290 varietas
847 3252 923 3310 grata
934 3242 1018 3306 inest,
1035 3253 1061 3293 et
1072 3243 1156 3311 major
1167 3255 1277 3293 ornatus
1288 3260 1344 3314 pars

311 3323 345 3376 ab
357 3321 454 3390 ineptis
466 3317 609 3369 verb⁰rum
620 3313 737 3383 lusibus,
753 3331 797 3370 aut
810 3321 905 3372 veteris
919 3324 1045 3372 sermonis
1063 3321 1096 3372 ad
1113 3323 1259 3374 recentiora
1269 3323 1344 3374 rerba

310 3399 530 3470 interpretatione
541 3395 584 3447 vel
597 3393 735 3452 inflexione
752 3395 833 3448 ducta
845 3419 853 3447 .·
866 3398 953 3466 Quum
971 3401 1039 3451 enim
1050 3411 1152 3452 veteres
1164 3401 1245 3464 ritus,
1262 3414 1290 3451 ut
1303 3399 1343 3464 lit,

309 3493 335 3530 et
347 3489 435 3530 essent
452 3473 595 3527 admodum
614 3477 723 3542 mutati,
735 3488 762 3528 et
777 3495 871 3530 caussa
886 3497 977 3530 eorum
991 3481 1176 3550 ignoraretur;
1194 3479 1343 3531 ariolatione

244 3622 247 3628 1
308 3561 409 3610 incerta
429 3555 505 3607 multi
520 3557 586 3606 ritus
601 3569 627 3607 et
643 3574 718 3607 sacra
735 3559 903 3627 interpretari
919 3559 1008 3610 conati
1026 3558 1059 3610 ad
1072 3559 1214 3612 verborum
1226 3558 1308 3610 lusum
1320 3570 1344 3610 et

309 3639 437 3708 originem
455 3637 647 3707 confugerunt,
660 3649 685 3688 et
697 3636 758 3688 inde
770 3637 919 3690 fabularum
937 3655 1045 3690 caussas
1062 3639 1235 3692 deduxerunt.
1252 3639 1344 3690 Passim

311 3727 400 3765 tamen
410 3714 566 3766 Graecanica
579 3731 685 3785 quoque
697 3715 794 3767 fabulor
807 3735 914 3788 aspersa
925 3731 986 3770 sunt
998 3720 1106 3792 vestigia
1121 3719 1218 3788 aliqua.

344 3791 383 3842 ΕΒ
395 3791 512 3861 ‘lumem’
526 3810 583 3862 ‘1¹¹²
593 3793 651 3857 vn,
664 3794 698 3860 45
711 3811 769 3865 sqq·
783 3799 901 3866 exposita
914 3809 988 3862 sunt,
1002 3796 1035 3849 de
1049 3797 1145 3868 quibus
1157 3793 1343 3847 Exoniden·

310 3867 379 3932 dus,
391 3867 462 3922 haud
476 3867 555 3922 dubie
566 3870 740 3943 Aboriginum
751 3872 793 3924 vel
810 3874 963 3926 Latinorum
977 3873 1096 3927 habendi
1110 3888 1170 3926 sunt
1185 3871 1271 3944 mythi
1277 3910 1285 3936 ,
1301 3874 1342 3942 qui

309 3964 370 3998 mox
382 3947 450 3998 inter
467 3947 584 4000 Albanos
597 3953 709 4016 servati,
728 3952 834 4005 taudem
852 3954 885 4005 ab
903 3954 944 4006 his
961 3954 994 4007 ad
1011 3956 1143 4006 llomenos
1162 3962 1340 4024 pervenerunt.

310 4025 418 4078 Latinus
427 4042 443 4075 a
450 4025 540 4076 Fauno
554 4040 637 4092 ortus,
647 4029 700 4081 Pici
708 4049 802 4102 nepos,
812 4045 838 4085 et
849 4033 954 4087 Saturni
963 4035 1082 4103 abnepos
1091 4031 1223 4103 proditur,
1233 4026 1300 4101 quod
1307 4031 1341 4080 ita
