2968 4696
247 281 322 387 <sss
503 322 541 383 n.
562 317 793 382 vrnortrr
816 319 1051 386 Minonis

258 443 359 506 Filius
371 438 449 506 huic
456 441 548 529 juxte
560 441 700 520 Lausus,
715 463 781 528 quo
792 438 963 528 pulchrior
973 441 1055 506 alter

256 547 332 610 Non
345 546 421 625 luit,
437 561 572 632 excepto
585 545 756 608 Laurentis
769 567 907 632 corpore
919 546 1040 624 Turni;
1251 551 1308 601 (ὢν

256 651 397 729 Lausus,
411 672 534 738 equum
548 648 705 728 domitor,
719 647 967 739 debellatorque
979 651 1138 726 ferarum,

256 757 355 821 Ducit
367 755 516 844 Agyllina
527 753 752 843 nequidquam
765 778 804 818 ex
817 755 899 819 urbe
911 772 1040 820 secutos

255 861 348 926 Mille
360 862 463 940 viros;
477 859 611 948 dignus,
624 859 738 947 patriis
751 861 809 948 qni
820 860 925 926 laetior
937 877 1022 926 esset

257 967 421 1056 ImperiiS,
436 983 469 1030 et
480 965 533 1030 cui
545 981 638 1052 pater
649 963 739 1030 haud
751 967 935 1032 Mezentius
947 981 1042 1032 esset.

298 1076 376 1138 Post
386 1072 447 1136 hos
459 1071 622 1159 insignem
633 1071 741 1158 palma
752 1093 813 1160 per
824 1071 971 1158 gramina
983 1091 1136 1148 currum,
1250 1083 1301 1129 ors

255 1233 331 1280 lendit
347 1234 444 1279 Pierius.
464 1233 588 1278 Mesentius
600 1232 682 1287 wite,
703 1243 726 1276 et
745 1232 874 1277 Mescinius
891 1231 940 1277 duo
958 1232 1036 1276 Bunn.
1053 1231 1193 1276 Medmtium
1208 1242 1300 1278 veteres

255 1304 352 1358 dixisse,
373 1304 515 1358 Priscianus,
534 1304 693 1357 Messentium,
713 1302 794 1348 Velius
809 1303 902 1364 Longus
915 1300 1001 1347 traditi.
1013 1301 1097 1345 Totum
1111 1292 1303 1346 hemistichium:

254 1377 380 1420 Mezentius
391 1376 524 1436 upminuque
535 1381 622 1427 ament,
639 1389 652 1417 a
669 1371 737 1417 Goth.
751 1370 825 1417 altero
836 1371 923 1417 eberat.
933 1396 964 1406 —
975 1369 1028 1431 669.
1041 1369 1100 1414 liuns
1105 1373 1175 1432 juxta
1185 1369 1271 1415 Medic.
1283 1385 1298 1414 a

253 1461 286 1490 tn.
296 1460 332 1506 pr.
343 1443 401 1490 burte
410 1446 499 1489 lausus
506 1447 588 1507 juxta,
601 1457 624 1490 et
634 1440 769 1506 huiefuerut
778 1444 818 1498 5.,
832 1455 855 1489 et
865 1440 907 1488 linc
912 1444 982 1504 juxto
992 1440 1032 1486 alii
1044 1441 1107 1504 apud
1118 1441 1178 1486 Pier.
1190 1439 1302 1503 hujuxta

254 1515 365 1561 Ilottend.
375 1527 427 1561 tert.
438 1533 450 1560 a
463 1531 493 1560 m.
507 1532 542 1577 pr.
553 1539 586 1551 -
596 1512 650 1560 652.
660 1515 699 1560 list
709 1505 825 1574 'Aquites
836 1512 940 1577 Apolline
951 1507 1069 1559 nonnulli.
1079 1509 1175 1577 Apclinu
1183 1513 1263 1557 Franc.
1273 1522 1299 1556 ct

255 1583 352 1632 Dorvill.
371 1602 423 1630 cunt
438 1586 508 1632 Goth.
523 1584 562 1631 ult.
577 1583 685 1650 Aquilino
698 1584 818 1629 Maronem
832 1583 923 1630 dedisse
940 1584 1064 1630 arbitratur
1078 1583 1194 1628 Heinsius.
1203 1577 1299 1626 -653,

255 1673 301 1720 quo
312 1671 358 1702 sec.
377 1657 486 1702 llottcnd.
500 1673 543 1720 pro
554 1673 602 1704 var.
615 1655 669 1701 lect.
687 1671 715 1702 er
730 1656 947 1718 interpretamento.
959 1658 1032 1719 periris¹
1042 1651 1140 1700 Dorvill.
1151 1669 1163 1698 a
1175 1669 1206 1699 nt.
1218 1669 1253 1719 pr.
1265 1676 1298 1688 --

255 1727 309 1786 654.
321 1727 362 1773 sed
369 1732 408 1773 cui
414 1726 481 1774 Leid.
490 1753 522 1763 -
530 1727 583 1774 655.
594 1725 772 1791 insipnemfomu
782 1725 887 1772 Macrob.
898 1727 945 1772 Sat.
958 1727 987 1782 V,
1001 1725 1039 1781 15,
1052 1739 1100 1770 non
1108 1722 1219 1771 insolenti
1225 1725 1300 1770 varie·

257 1862 482 1930 quameMacrob.
491 1861 543 1925 111,
557 1859 613 1913 5.v.
627 1843 674 1911 inf.
684 1859 746 1910 Ere.
798 1877 880 1910 uuum
888 1878 920 1911 ex
929 1858 1055 1911 heroibus
1064 1859 1210 1910 Homericis
1218 1856 1299 1907 indu-

255 1941 291 1990 lll
304 1940 339 1992 ad
348 1943 415 1992 Vlll.
427 1941 540 2006 bouem,
550 1959 602 2013 quo
613 1937 750 2011 pulchrior
798 1941 835 1989 cit
850 1958 911 1990 eum
925 1958 1021 2004 curru,
1040 1956 1094 2010 quo
1110 1939 1249 1989 victoriam
1267 1937 1298 1986 in

254 2037 280 2068 a.
309 2020 486 2072 imitationem
512 2021 645 2071 Homerici
675 2019 750 2070 Nirei
798 2017 868 2070 ludis
881 2019 966 2070 curuli
977 2019 1120 2070 certamine
1133 2017 1296 2069 obtinuerat.

256 2096 333 2149 multi
345 2097 557 2151 notaruntlliad.
568 2099 598 2159 β,
611 2098 676 2167 673,
686 2098 751 2167 674,
801 2096 921 2150 Eundem
940 2097 1046 2150 exhibet
1066 2097 1210 2168 clipeatum
1227 2113 1295 2148 vers.

257 2189 284 2227 et
301 2177 413 2228 similem
428 2177 517 2228 locum
531 2175 564 2229 tle
579 2176 706 2249 Euryalo,
725 2177 753 2228 in
801 2176 866 2246 657,
880 2177 952 2249 quod
965 2179 1030 2231 ferri
1041 2189 1142 2248 potem
1155 2175 1203 2228 sed
1215 2193 1301 2248 quum

256 2253 351 2327 Odyss.
365 2257 398 2318 θ,
415 2256 476 2318 116,
492 2273 553 2326 117,
566 2257 637 2309 etde
651 2257 753 2309 Aloidis
800 2257 892 2327 paullo
905 2271 965 2328 post
976 2277 1001 2308 v.
1014 2256 1067 2310 666
1083 2256 1197 2310 eundern
1211 2255 1300 2308 leonis
1397 2291 1405 2306 .

256 2351 286 2396 λ,
300 2336 360 2404 309.
374 2353 480 2406 corpore
493 2336 577 2386 Turni
586 2353 635 2406 pro
648 2336 753 2401 Turno,
802 2338 901 2388 exuviis
915 2337 1038 2388 indutum
1057 2335 1179 2388 incedere
1191 2349 1299 2400 narrat,

256 2426 322 2465 notu
334 2431 365 2465 ex
382 2412 479 2464 Grecis
496 2415 591 2464 forma.
605 2417 677 2466 conf.
693 2432 752 2485 sup.
801 2416 830 2465 in
842 2432 873 2466 eo
885 2417 972 2469 fateor
983 2434 1025 2468 me
1037 2427 1122 2486 poetae
1135 2413 1300 2486 diligentiam

257 2493 306 2556 Vl,
320 2509 362 2543 aa.
373 2490 447 2542 ldem
456 2493 557 2542 Lausus
565 2510 662 2563 equum
673 2494 754 2544 domi·
803 2506 829 2544 et
844 2493 975 2562 judicium
993 2492 1158 2555 desiderium
1179 2509 1240 2543 num
1258 2490 1300 2542 di-

257 2582 299 2622 ior
304 2607 313 2634 ,
325 2565 472 2634 inienuus,
485 2568 676 2641 debellatorque
679 2570 755 2641 seru-
802 2591 940 2624 versorum
955 2575 1015 2624 vite
1035 2573 1128 2643 priscae
1148 2585 1300 2642 temporum

258 2668 318 2700 rum
329 2670 337 2699 .·
350 2648 423 2719 quod
435 2649 576 2701 Homerico
592 2650 712 2720 exemplo
726 2652 754 2701 in
802 2652 867 2716 fuit,
879 2651 972 2723 spoliis
982 2653 1099 2704 ferarum
1113 2663 1212 2704 tectum
1223 2667 1301 2717 esse,

256 2727 337 2780 leude
349 2729 399 2779 viri
411 2729 486 2779 fortis
501 2729 598 2798 posuit.
611 2726 752 2780 vidiliad.
803 2745 830 2784 et
852 2732 885 2785 de
908 2751 987 2784 curru
1010 2744 1141 2784 armatum
1169 2749 1298 2803 pugnare.

258 2807 327 2876 „49
339 2805 499 2877 seq—652.
513 2804 616 2878 Apylloe
627 2823 674 2858 seu
686 2807 754 2858 Cure
802 2813 882 2880 Quod
902 2815 1114 2884 primumcum
1133 2824 1235 2864 vectum
1249 2809 1297 2880 (v.

258 2886 425 2960 tyrannidem
433 2898 562 2940 tenuerat.
570 2885 677 2938 vidinl.
685 2887 752 2953 Vlll,
802 2892 873 2965 655)
885 2911 946 2943 mox
964 2889 1079 2963 peditem
1094 2890 1217 2944 incedere
1233 2892 1301 2944 facit

257 2968 306 3034 481
319 2984 379 3038 sqq.
389 2967 563 3038 nequicquam
573 2969 682 3038 jungent
693 2986 753 3018 curu
801 2971 838 3040 (r.
851 2971 963 3042 664),in
974 2969 1026 3022 boc
1036 2971 1300 3022 moremllomerieo-

257 3058 393 3120 seqttutos,
408 3048 453 3117 qui
467 3047 491 3099 ei
504 3048 533 3097 in
545 3065 635 3118 pugna
647 3047 753 3100 cadenti
801 3069 860 3102 rum
869 3050 980 3103 heroum
990 3051 1066 3123 sequi
1074 3053 1175 3121 potuit,
1185 3051 1231 3120 qui
1242 3069 1299 3102 nort

256 3129 357 3180 frustm
384 3139 459 3178 erent
483 3125 609 3178 adfuturi.
633 3156 668 3165 -
691 3127 751 3180 653.
801 3129 1299 3202 mro,exiguointervallosubsequente

258 3208 351 3280 diymu
361 3206 455 3278 patriis
471 3207 519 3278 qui
531 3205 616 3258 laetior
625 3217 686 3260 esset
701 3209 754 3260 Im·
801 3228 897 3276 curru,
913 3209 1016 3282 pedites
1037 3208 1173 3260 incedunt.
1192 3210 1300 3262 Aventi-

255 3285 351 3358 periit,
373 3297 482 3349 ornate,
505 3283 616 3357 dignus,
639 3287 684 3356 qui
698 3305 754 3340 me-
801 3306 864 3340 num
876 3291 903 3339 in
915 3288 1049 3340 nonnullis
1057 3289 1138 3358 signis
1151 3301 1298 3360 agnoscunt

212 3379 224 3393 ¹·
255 3363 323 3416 liore
340 3375 415 3434 putre
435 3361 576 3434 gauderet3
595 3363 630 3415 ad
648 3377 752 3435 patrem
805 3369 1299 3439 recentioresveterumoperuminter·

257 3459 346 3498 eutem
362 3442 553 3496 declarandum
572 3444 680 3514 imperia
696 3464 751 3497 non
799 3462 897 3519 preses.
905 3447 1107 3506 Nobilissimum
1116 3460 1156 3500 est
1165 3449 1192 3499 iu
1204 3448 1297 3499 Museo

257 3527 346 3578 minus
364 3523 466 3591 valent,
483 3541 563 3595 quam
576 3525 603 3575 in
615 3523 669 3575 lilio
686 3525 754 3578 obse-
804 3527 951 3598 Capitolino
963 3527 993 3576 T.
1012 3528 1063 3592 lll,
1081 3526 1136 3577 tub.
1155 3527 1204 3591 aii,
1213 3529 1268 3596 jam
1282 3545 1299 3578 n

257 3603 361 3675 quium.
390 3601 555 3673 Comparant
584 3603 753 3656 Homericum
801 3605 879 3658 Dum.
891 3606 983 3658 liubeo
1000 3604 1047 3674 (iu
1063 3604 1187 3658 lluceelta
1199 3605 1227 3658 di
1237 3605 1299 3657 Sta-

258 3681 291 3734 de
306 3681 445 3753 Periphetn
457 3681 596 3752 Eurysthei
614 3681 686 3734 lilio:
707 3685 753 3732 Τοῦ
801 3695 841 3736 tue
861 3695 916 3736 ant.
936 3704 963 3736 n.
981 3685 1062 3756 XIX)
1073 3684 1235 3738 exhibitum:
1250 3685 1298 3736 sed

257 3758 329 3826 γίνετ’
348 3758 375 3812 ιἰι
394 3756 480 3830 uertit
499 3757 560 3813 uoti
588 3763 684 3830 χείρονος
706 3757 751 3817 ulit
800 3763 829 3815 id
847 3764 966 3818 Herculis
986 3767 1064 3837 pueri
1080 3783 1137 3819 csse
1149 3765 1237 3817 nullus
1250 3763 1300 3817 du-

258 3835 356 3903 e'ssu‘toer
378 3845 493 3896 nastolae
513 3837 597 3911 riferii:
621 3841 696 3894 lliad.
721 3863 749 3904 a,
799 3843 865 3897 bito.
896 3844 1000 3897 Exuviae
1027 3845 1112 3898 leonis
1139 3856 1297 3916 perpetuum

259 3919 320 3986 641.
559 3971 562 3978 ,
800 3923 920 3978 llerculis
930 3938 991 3976 sunt
1000 3927 1113 3997 insigne,
1123 3928 1203 3978 etium
1210 3926 1298 3996 pueri,

294 3997 353 4052 655.
368 4016 426 4070 sqq.
438 4000 614 4069 Aventinum,
625 4013 750 4073 tunquam
801 4015 861 4058 unte
874 4017 996 4058 enectum
1014 4005 1164 4058 Nemeeum
1182 4003 1296 4057 leonem.
