3028 4682
441 377 676 444 AENEIDOS
700 377 853 441 LIBER
875 379 962 443 Vll.
1157 379 1217 444 πᾶν

183 501 336 570 Adsuetas
347 501 427 590 ripis
439 504 589 570 volucres
602 519 636 568 et
647 503 792 568 fluminis
803 503 913 582 alveo,

183 609 315 674 AEthera
328 607 516 674 mulcebant
528 626 639 687 cantu,
652 609 795 698 lucoque
806 607 970 673 volabant.

183 712 330 778 Flectere
342 715 404 778 iter
415 714 525 792 sociis,
539 730 699 802 terraeque
711 712 883 777 advertere
896 735 1010 800 proras
1192 727 1222 776 35

185 819 341 906 Imperat,
356 836 389 882 et
399 819 492 884 laetus
504 818 607 883 fluvio
618 817 767 884 succedit
779 840 893 906 opero.

229 925 324 989 Nunc
335 947 408 1012 age,
423 925 480 1013 qui
492 947 600 1012 reges,
615 925 729 1002 Erato,
743 945 818 1012 quae
832 941 981 1012 tempora
993 945 1118 1006 rerum,

184 1028 265 1110 Quis
278 1029 372 1094 Latio
383 1030 520 1118 antiquo
532 1029 632 1092 fuerit
644 1045 762 1107 status,
775 1028 903 1094 advena
915 1029 1052 1094 classem

184 1133 295 1215 Quum
307 1135 451 1222 primum
463 1136 616 1200 Ausoniis
629 1135 789 1200 exercitus
800 1134 931 1223 adpulit
942 1135 1022 1216 oris,

185 1236 380 1326 Expediam,
394 1257 427 1304 et
438 1241 553 1328 primae
564 1239 728 1306 revocabo
741 1240 873 1305 exordia
886 1263 1024 1329 pugnae3
1196 1252 1226 1310 lo

185 1345 240 1408 Tu
253 1361 374 1424 veteru,
389 1363 439 1424 tu,
453 1343 543 1425 diva,
556 1369 665 1410 moue.
679 1346 794 1412 Dicam
806 1344 941 1424 horrida
951 1345 1054 1426 hella;

186 1450 302 1514 Dicam
313 1451 413 1530 acies,
426 1468 583 1541 actosque
594 1453 711 1516 animis
724 1452 758 1516 in
770 1453 887 1516 funera
899 1473 1006 1540 reges,

184 1554 459 1646 Tyrrhenamque
471 1581 621 1636 manum,
634 1575 803 1646 totamque
815 1557 877 1622 sub
889 1580 978 1621 arma
991 1571 1137 1622 coactam

187 1662 392 1750 Hesperiam.
405 1662 512 1752 Major
523 1685 634 1728 rerum
646 1662 729 1728 mihi
741 1664 885 1729 nascitur
896 1661 995 1743 ordo;

219 1828 255 1886 34.
266 1829 367 1894 AEquom
375 1832 439 1878 Serv.
452 1829 489 1878 ad.
502 1831 535 1876 tv
547 1833 596 1877 AEn.
612 1829 665 1888 524.
678 1831 788 1878 semlant
795 1831 921 1878 Diomedes
934 1832 965 1876 lll
977 1833 1050 1878 luttit.
1063 1831 1186 1877 Grammet.
1198 1857 1229 1869 -·

187 1901 225 1948 35.
235 1904 306 1948 sectos
315 1901 403 1964 aliquot
412 1903 473 1950 Pier.
484 1903 581 1950 Mentel.
592 1919 628 1966 pr.
639 1921 651 1950 n
661 1920 692 1949 m.
702 1919 752 1966 pr.;
761 1915 784 1949 ct
794 1904 826 1948 tic
835 1903 877 1948 Ge.
886 1903 1003 1949 Fabricius
1011 1905 1122 1965 scriptum
1131 1903 1228 1948 viderat.

185 1995 218 2006 -
226 1970 262 2016 38.
270 1973 376 2035 arnulpum
386 1973 469 2019 Monet.
476 1989 526 2036 pn,
535 1973 600 2036 quod
607 1973 702 2036 vulpam
710 1984 776 2020 esset.
778 1972 860 2036 fuerat
867 1971 921 2018 libri
929 1973 998 2018 l'ierii
1006 1985 1029 2018 et
1036 1972 1158 2034 Giplmoii,
1167 1972 1229 2018 uude

187 2041 208 2084 is
219 2039 330 2096 iaciebat,
332 2041 423 2103 fetent,
435 2041 569 2103 importuno
578 2041 714 2088 archeitus.
724 2041 796 2088 classe
805 2040 874 2086 Goth.
884 2055 930 2087 sec.
942 2066 973 2076 -
984 2040 1023 2097 dt.
1037 2044 1094 2086 Tum
1105 2041 1231 2086 francilio

187 2107 212 2154 lt.
223 2109 244 2156 b.
256 2111 291 2156 dic
300 2128 323 2157 o.
333 2111 392 2159 alter
400 2113 467 2158 Voss.
476 2137 508 2150 -·
516 2112 554 2169 da.
566 2121 654 2177 aprosq.
666 2113 735 2159 Goth.
743 2111 862 2174 po-ltd·
873 2115 973 2174 etmajor
981 2125 1027 2158 tec.
1038 2111 1146 2158 llotreud.
1156 2127 1231 2157 renim

191 2251 259 2302 ciem
289 2247 395 2302 exhibet
425 2264 506 2322 poeta
527 2251 688 2322 jucundissi-
737 2249 863 2304 advocari
881 2263 998 2322 putatur.
1018 2251 1152 2322 Moxque
1171 2259 1232 2300 tem·
1327 2281 1329 2290 ι

191 2347 271 2380 mam.
293 2326 378 2401 lucoq.
400 2349 448 2402 per
466 2330 564 2382 lucum.
578 2331 688 2408 flectere
734 2346 801 2402 pora
813 2345 899 2380 rerum
912 2331 1023 2396 fuerint,
1033 2347 1087 2380 non
1097 2340 1165 2392 tam,
1176 2329 1234 2399 qui-

192 2407 255 2474 iter,
273 2426 393 2476 cursum,
412 2429 515 2464 navem.
533 2413 607 2464 Facit
623 2429 686 2463 vero
736 2407 786 2460 bus
799 2409 963 2479 temporibus
974 2409 1068 2460 AEneas
1079 2405 1232 2473 advenerit,

190 2485 247 2540 haec
265 2489 375 2554 AEneas,
398 2503 427 2542 ut
448 2491 483 2542 ad
505 2491 565 2560 ipsa
584 2489 687 2542 Tiberis
737 2505 832 2558 quam,
844 2499 874 2538 ut
889 2485 957 2540 solet
970 2497 1070 2557 tempus
1081 2505 1131 2558 pro
1144 2507 1233 2540 rerum

191 2569 260 2620 ostia
282 2587 389 2622 cursum
412 2582 500 2642 regat,
526 2569 561 2622 ad
583 2569 688 2622 creare
737 2567 891 2622 conditione
916 2571 995 2639 poni;
1023 2570 1051 2620 lu
1079 2585 1137 2639 quse
1166 2569 1235 2622 Latii

190 2650 320 2700 monitum
332 2647 379 2702 lib.
392 2649 429 2716 ll,
444 2650 509 2718 781,
528 2651 577 2720 782
590 2651 626 2702 ad
637 2659 688 2700 ter·
737 2661 859 2718 tempora
880 2648 1003 2700 inciderit
1028 2647 1073 2699 hio
1101 2665 1232 2702 accessus.

191 2727 690 2799 ramHesperiamvenier‚ulri1qdius
737 2726 818 2795 Quod
844 2745 929 2778 rerum
960 2727 1107 2797 adjectum,
1135 2732 1235 2799 poetici

190 2827 255 2860 arvo
265 2808 340 2859 Inter
349 2807 439 2878 opima
451 2807 539 2858 virum
559 2805 691 2882 leniflut't
737 2807 865 2859 sermonis
889 2819 929 2858 eet
951 2807 1098 2877 proprium.
1123 2809 1234 2880 antiquo

191 2886 298 2958 aymine
318 2885 435 2954 Thybris.
452 2887 549 2938 Factus
565 2901 689 2938 ascensus
738 2899 816 2938 ornat
825 2885 852 2936 ln.
865 2884 883 2934 l.
896 2883 1043 2954 epitheton.
1054 2885 1137 2937 Aliter
1146 2889 1173 2937 iu
1181 2887 1237 2938 his·

192 2964 228 3016 ed
242 2966 328 3034 ripam
339 2963 453 3014 fluminis
462 2965 490 3015 in
500 2983 563 3034 egro
573 2963 690 3016 Lamen-
738 2966 814 3016 toriis
825 2965 930 3016 Latium
946 2965 1085 3034 antiquum
1098 2977 1125 3016 et
1137 2982 1236 3016 novum

193 3045 265 3104 tiuo;
282 3056 338 3094 erat
354 3055 443 3094 autern
462 3042 506 3092 ille
526 3042 590 3094 olim
608 3044 690 3094 lauris
739 3043 845 3096 dicitur.
858 3043 947 3112 -39,
969 3043 1096 3094 exereitus
1116 3062 1165 3113 pro
1185 3061 1236 3114 po·

194 3124 326 3182 consitum
349 3119 420 3172 unde
453 3119 527 3172 lucus
548 3133 574 3172 et
587 3120 692 3195 fluvius
739 3123 923 3194 pulo‚turba,
935 3123 1074 3175 navalibus
1085 3125 1177 3194 copiis.
1188 3125 1237 3175 Per

195 3220 298 3274 opacus.
311 3200 388 3252 conf.
402 3201 509 3252 Excurs.
524 3202 547 3251 ll
564 3219 605 3270 pr.
618 3213 644 3254 et
655 3202 691 3252 lll
740 3201 819 3254 ariter
831 3201 916 3254 Guell.
932 3214 959 3254 et
977 3202 1023 3253 elii
1040 3203 1182 3272 explicant.
1195 3205 1238 3256 sie

196 3280 231 3334 ad
244 3280 372 3334 hosvers.
740 3283 837 3334 Grecis
861 3283 967 3352 tragicis
991 3279 1107 3348 orpmir,
1132 3280 1237 3350 suippe,

232 3361 264 3430 37
287 3379 345 3432 sqq.
368 3359 411 3412 Ad
429 3358 573 3430 legentium
586 3359 692 3410 animos
739 3360 870 3432 «ι’ξιςμιι
882 3360 995 3434 AEsclryl.
1016 3361 1147 3413 Prometlr.
1169 3363 1238 3434 128)

196 3439 350 3494 excitandos
373 3441 570 3492 invocationem
595 3455 693 3490 novem
741 3457 767 3497 et
779 3442 840 3495 elia.
851 3442 957 3494 exordia
968 3459 1081 3515 pupnoe,
1097 3446 1240 3497 venatione

196 3521 299 3585 velere,
311 3533 375 3574 note
390 3523 418 3573 in
434 3521 521 3591 poetis
538 3535 580 3571 res
597 3531 644 3572 est.
661 3519 692 3570 ln
741 3524 826 3586 cervi,
840 3522 887 3572 iul.
902 3522 962 3587 480Χ
974 3551 1009 3562 ·-
1021 3523 1063 3588 la.
1075 3539 1157 3594 repes,
1170 3525 1240 3576 Leti-

195 3601 278 3652 Eroto
297 3613 452 3672 argutantur
464 3602 629 3670 interpretes.
645 3600 694 3650 l'o-
742 3601 967 3665 num,«'l*urnum,
986 3601 1157 3664 Mezentium
1176 3602 1239 3656 hinc

196 3683 269 3734 uitur
283 3701 300 3734 a
312 3694 391 3752 poeta
403 3699 452 3752 pro
464 3681 541 3734 Musa
554 3679 694 3750 qualieuu·
745 3678 880 3750 Tyrrhena
890 3697 991 3732 monus.
1006 3679 1057 3732 Sed
1068 3679 1140 3750 quod
1152 3682 1241 3752 seqni-

198 3779 265 3831 que,
283 3773 313 3814 ut
332 3774 403 3814 recte
423 3759 536 3812 Servius.
558 3759 694 3830 Apollonii
743 3760 838 3824 tur,in
854 3759 940 3827 majus
953 3771 1074 3823 auctum,
1093 3770 1175 3810 totam
1189 3763 1241 3812 lta·

199 3837 348 3909 exemplum
363 3839 432 3892 bene
449 3837 573 3890 laudatur
590 3837 624 3889 ab
636 3837 694 3890 aliis
742 3839 807 3892 liam
819 3839 914 3890 coiisse
926 3837 961 3890 ad
973 3857 1054 3890 arma.
1066 3837 1190 3890 Ceterum
1206 3839 1241 3894 de

198 3918 245 3972 lib.
258 3920 308 3986 lll,
322 3917 368 3970 tEi
377 3917 404 3966 θ’
414 3916 458 3983 dyo
469 3917 518 3977 ιῧι,
528 3912 619 3984 'uperi
628 3929 694 3982 etc.‚
743 3920 837 3990 prisco
851 3917 932 3970 tolie
952 3919 1035 3984 facie,
1056 3918 1177 3990 populis,
1196 3937 1241 3971 eo-

199 3999 247 4050 ubi
259 4011 346 4052 temen
363 3999 443 4052 Ereto
456 3999 565 4068 proprio
577 4014 626 4048 suo
635 3999 695 4066 jure
744 4015 856 4068 rumque
869 3997 1022 4071 originibus
1043 3997 1078 4050 ed
1099 3996 1126 4050 h.
1146 3997 1164 4050 l.
1186 3997 1240 4050 vid.

200 4077 236 4132 ad
254 4097 371 4132 amorem
391 4075 492 4132 Medea
510 4075 697 4150 exponendum
743 4077 851 4134 heure.
864 4079 907 4131 lv.
