2968 4696
464 435 530 498 AD
553 432 754 498 LIBRUM
776 433 862 499 vlt.
1120 445 1181 512 353

11 632 22 660 Γ
69 595 71 600 .
145 556 379 629 Gimeap.Eurip.
395 555 494 610 Troed.
515 557 574 627 437.
596 557 683 629 Atque
696 556 764 610 adeo
776 557 889 630 Cytisum
902 557 1185 632 Colchidishtpeorteie

147 637 181 690 ab
191 657 223 690 ea
234 635 299 688 dixi,
312 635 440 708 Lycophf,
458 637 540 700 1312,
553 636 624 689 unde
636 655 777 708 perperam
790 636 909 690 Eustath.
922 637 958 690 ad
970 641 1067 716 Perieg.
1081 650 1127 715 76,
1142 671 1186 704 co-
1263 702 1265 710 ,

147 717 247 769 ioniam
267 718 395 788 Ligurum·
409 717 437 767 iu
458 714 612 768 Coichidem
633 719 741 768 ductam
759 717 977 789 ommiumque
996 722 1060 774 Pedi
1079 745 1186 802 quoque

147 799 229 860 ostia,
244 795 363 847 fabulam
375 793 409 848 de
420 795 583 848 Phaethonte
600 810 626 849 et
641 795 731 868 Cycno
743 797 784 848 inf
803 797 841 861 X,
858 798 905 851 185
918 815 957 868 sq.
966 813 994 851 et
1006 808 1141 860 succinum
1152 812 1187 864 ad

146 877 254 948 Ligures
266 875 417 928 referebant
429 887 545 941 veteres,
563 877 635 927 conf.
649 876 713 926 Phn.
726 875 859 941 XXXVII,
872 877 902 943 3,
919 895 940 928 ⁸·
958 895 983 930 ¹¹
995 917 1003 944 t
1016 895 1042 934 ⁸¹
1060 883 1121 938 hine
1131 909 1188 942 ⁰0¹¹·

147 970 256 1028 ruptum
275 973 371 1008 nomen
389 957 514 1029 disperii
532 975 556 1008 r.
576 976 599 1008 c.
621 956 691 1028 apud
711 955 867 1010 Strabonem
879 958 925 1010 tib.
942 960 991 1027 lV,
1011 981 1071 1035 pag.
1085 967 1146 1022 3¹0.
1159 973 1187 1024 S.

145 1033 265 1103 raiett‘iu
276 1033 302 1089 ii
313 1035 352 1087 aei
363 1030 393 1088 ei
401 1034 528 1105 ttwtiim
536 1036 591 1105 sst'
603 1037 681 1092 Μὴ
693 1035 704 1106 (
715 1039 762 1093 ’Μῖ
774 1037 869 1103 Mi'm'
881 1037 907 1107 )’
919 1038 997 1096 Μ’*
1007 1041 1108 1115 imm
1116 1043 1187 1118 'iffi

147 1114 289 1186 ayopiriovei.
301 1117 454 1188 Lingurium
469 1134 501 1169 ex
513 1136 558 1180 ea,
576 1133 655 1187 quam
675 1133 756 1188 supra
772 1119 923 1188 posuimus,
942 1126 1048 1186 Λιηιῐς,
1068 1145 1188 1197 pronun.
1276 1121 1285 1134 ⁴

148 1197 257 1247 tiatione
268 1197 341 1248 nasci
351 1197 453 1265 potuit;
466 1196 566 1247 factum
580 1194 647 1248 adeo
660 1195 819 1268 Lyngurium
831 1209 857 1248 et
869 1196 1041 1268 Lyncurium,
1055 1206 1128 1274 quod
1140 1227 1188 1258 no.

147 1291 207 1326 mon
229 1271 263 1324 ud
282 1273 378 1344 lapidis
397 1291 480 1345 genus
499 1273 672 1338 translatum,
691 1288 718 1326 et
736 1287 798 1327 nata
817 1291 852 1326 ex¹
869 1289 955 1348 etymo
971 1278 1064 1334 fabula
1078 1275 1112 1336 de
1125 1301 1188 1340 nero

148 1350 237 1424 lapide
249 1371 280 1404 ex
292 1353 397 1424 lyncum
414 1355 499 1405 urina.
511 1352 617 1405 Accidit
630 1367 717 1406 nutem
733 1357 834 1406 nomini
850 1357 989 1426 Ligurum,
1007 1371 1035 1410 ut
1054 1363 1142 1416 multis
1161 1369 1190 1421 in

148 1430 214 1482 iocis
226 1443 449 1502 corrumperetur.
463 1432 503 1484 ita
515 1448 558 1503 ep.
570 1431 695 1502 Apollod.
708 1434 733 1496 i,
744 1451 776 1503 9,
791 1434 824 1500 24
833 1447 859 1486 et
872 1436 895 1484 ii
903 1470 911 1500 ,
925 1435 954 1499 5,
971 1453 1016 1502 to,
1030 1439 1075 1490 uhi
1088 1460 1112 1494 v.
1125 1445 1187 1498 Not.

148 1527 209 1581 pag,
225 1525 289 1574 nto,
302 1509 366 1577 3983
380 1527 460 1580 porro
473 1529 516 1581 ap.
537 1510 645 1561 Aristot.
664 1513 694 1561 ii.
708 1512 739 1561 Δ.
762 1515 787 1575 l,
811 1511 854 1574 15,
872 1512 918 1564 uhi
936 1527 997 1583 post
1009 1517 1112 1571 Reines.
1128 1523 1188 1576 Ver.

147 1589 218 1642 lect.
231 1608 259 1660 p.
268 1589 311 1658 74,
320 1592 433 1642 restituit
444 1589 596 1642 Schneider.
610 1591 694 1641 Etiam
707 1591 799 1662 plante
810 1591 959 1663 Ligustica,
971 1595 1123 1662 severina,
1134 1620 1190 1655 mu.

147 1682 203 1722 tata
216 1670 242 1720 in
255 1666 391 1730 crientiis
400 1688 425 1720 r.
439 1669 548 1722 Salmas.
562 1671 597 1720 ed
609 1669 691 1722 Soiiu.
704 1689 730 1741 p.
746 1671 804 1740 899.
819 1673 848 1722 in
860 1672 953 1724 Avieni
964 1675 997 1725 Ο.
1010 1677 1046 1726 Μ.
1068 1681 1116 1749 196
1127 1701 1191 1753 per.

148 1749 196 1800 nix
213 1746 279 1800 lucis
290 1749 415 1819 proeciare
429 1749 526 1820 pernis
542 1749 622 1821 Liyus
634 1749 793 1802 emendabat
805 1748 937 1802 Schrader
949 1751 1098 1808 Emendate.
1114 1764 1189 1830 μή,

146 1847 207 1900 pag.
219 1828 313 1880 xxix.
333 1829 426 1881 Latere
446 1847 553 1900 qaoque
571 1829 679 1901 Ligures
691 1829 781 1894 Λίγυας
801 1829 917 1882 arbitror
930 1833 956 1882 in
969 1833 1069 1902 Lyncei
1082 1842 1190 1894 nomine

148 1908 221 1981 apud
230 1907 360 1980 Lycophr.
375 1910 455 1976 1240,
465 1908 511 1960 ubi
522 1909 632 1960 AEneam
641 1907 739 1961 dicitur
747 1922 892 1980 exceptura
902 1929 959 1964 esse
967 1915 1080 1980 'repentio
1088 1915 1192 1984 hepatia

148 2009 173 2040 rs
185 1983 269 2054 Sippir
279 1989 366 2055 ῥεῖθρον
378 1986 509 2056 ὁιβμίηοι
521 1990 610 2048 trecis,
623 1987 667 2038 liei
677 1987 758 2049 niec’,
770 1986 882 2052 'Animae
894 1989 920 2040 θ’
933 1988 958 2040 ei
969 1991 1100 2062 etniip'rm
1108 1997 1192 2053 μή..

149 2067 294 2119 Audirernt
310 2067 505 2118 Alexandrinus
520 2077 601 2137 poeta
619 2066 654 2118 de
673 2065 783 2120 thermis
796 2069 907 2119 Etruriae
919 2083 945 2120 et
960 2071 1084 2142 Liguriae
1099 2090 1192 2150 estque

150 2149 175 2202 ei
185 2148 279 2198 dumus
289 2146 385 2217 aliquis
392 2147 488 2218 Ligur,
500 2141 587 2211 nuptie,
598 2146 640 2198 vei
653 2143 749 2212 nuptie,
758 2159 916 2218 etcurrttpte
929 2147 1040 2214 ameide,
1053 2165 1083 2204 ut
1095 2155 1195 2210 ibidem

150 2231 178 2280 in
190 2226 250 2278 aliis
259 2226 397 2292 scribitur,
411 2239 436 2278 et
451 2224 635 2278 excudendum
646 2238 711 2278 erat.
723 2225 802 2296 Apud
814 2227 928 2278 eundem
938 2229 973 2279 ah
982 2232 1069 2283 AEueae
1081 2239 1194 2303 posteris

150 2306 214 2358 urbs
233 2304 392 2358 exstruenda
411 2316 536 2356 narratur
551 2305 623 2356 circa
639 2302 786 2355 Circeium.-
801 2315 854 2354 tatu
873 2304 926 2356 iate
945 2306 1013 2358 Latii
1029 2307 1118 2376 locus,
1141 2331 1195 2386 quo

149 2387 235 2438 Romu
245 2385 369 2448 condita,
382 2384 550 2457 designatur:
564 2403 589 2436 r.
611 2399 658 2453 ¹²7
671 2383 707 2435 Ἐν
720 2379 845 2448 i4m'erote
860 2383 943 2444 inflict
955 2383 1086 2451 opima.
1101 2389 1196 2463 Tripuri,

147 2460 265 2534 parthi:
278 2463 341 2530 ripaei
350 2465 455 2533 tapnim
465 2459 543 2519 κ’τιε
556 2476 606 2516 etc.
619 2462 701 2533 Cujus
713 2462 766 2514 ioci
780 2463 937 2534 perductam
948 2467 1195 2538 interpretationem

150 2543 225 2597 dedit
234 2542 372 2595 Cluverius
381 2543 439 2596 itui.
454 2555 508 2594 aut.
522 2561 548 2614 p.
564 2543 623 2612 762,
636 2559 695 2612 sqq.
708 2542 853 2608 Homerus,
867 2543 913 2612 qui
922 2542 1042 2596 locorum
1051 2549 1196 2603 nonnullo-

150 2644 209 2678 rum
221 2626 287 2676 situs
301 2641 349 2694 per
360 2622 477 2676 Siciliam
494 2635 520 2674 et
532 2623 651 2688 Italiam,
663 2621 796 2674 litoralem
812 2621 922 2688 saitem,
938 2624 1075 2692 audierat,
1090 2643 1195 2683 serrato

153 2703 252 2757 Oceani
262 2703 408 2768 vocabulo,
419 2702 509 2772 (cujus
522 2704 597 2756 notio
609 2719 662 2775 una
672 2699 819 2772 eademqne
829 2719 879 2753 nec
891 2701 956 2766 fuit,
968 2721 1017 2756 uec
1026 2723 1082 2758 esse
1090 2709 1196 2778 potuit,

150 2787 253 2838 ramata
264 2783 311 2836 illa
317 2787 372 2853 jam
382 2797 444 2838 unte
454 2783 597 2838 Humerum
606 2823 615 2853 ‚
625 2795 656 2835 ut
667 2779 759 2854 paullo
770 2793 830 2834 ante
841 2781 954 2834 diximus
964 2783 974 2852 )
984 2784 1083 2856 Ulyssis
1093 2806 1197 2842 errores

151 2863 186 2917 ad
198 2863 278 2916 italiae
290 2881 364 2914 orum
377 2863 467 2914 retulit
479 2882 511 2914 sc
522 2861 670 2934 disposuit,
683 2861 825 2931 Circesque
839 2859 1033 2912 adeoinsulam
1044 2865 1068 2914 ei
1082 2862 1142 2916 ioco
1153 2885 1197 2918 as-

150 2943 278 3014 signavit,
291 2943 336 3011 qui
344 2937 436 2992 Circei
448 2942 625 3010 promontorii
635 2952 662 2991 et
673 2951 767 3010 portus
779 2957 886 3002 nomen,
895 2955 942 2992 seu
952 2951 1015 2990 tunc
1024 2941 1080 3007 jam
1092 2940 1197 3008 hahuit,

152 3041 199 3074 seu
211 3020 272 3072 inde
286 3022 398 3091 accepit.
415 3021 545 3084 Nomina,
555 3023 611 3090 jam
623 3022 651 3070 in
665 3019 851 3090 Argonauticis
864 3019 958 3080 obvia,
971 3036 1027 3070 esse
1040 3027 1198 3074 commeni-

151 3101 203 3162 tia,
220 3101 279 3168 ipsa
299 3109 385 3168 etymo
406 3096 516 3159 ducent;
529 3116 592 3150 uam
613 3089 660 3146 Aia
672 3108 712 3148 est
731 3098 871 3166 antiquum
892 3095 1100 3156 nomen-Tetra
1113 3098 1199 3151 frater

152 3175 247 3236 aitiori,
260 3177 405 3246 terrigenae
418 3187 495 3245 pater
506 3173 567 3239 Sol,
581 3188 608 3226 et
620 3186 704 3227 mater
716 3173 792 3226 Perse
803 3173 955 3234 Oceaninu3
969 3175 1096 3242 quonium
1110 3175 1198 3232 insula

153 3259 180 3308 in
188 3256 298 3308 Oceano
308 3254 468 3308 occidentali
478 3256 529 3308 sita
539 3254 685 3308 ferebatur.

190 3335 262 3388 θένω
274 3331 405 3406 veneficiis
420 3334 555 3388 celebrata
566 3347 607 3388 est
618 3323 681 3386 inde
699 3333 733 3386 ah
752 3334 876 3389 Homero.
890 3334 951 3386 Fuit
962 3331 1014 3386 hoc
1028 3336 1199 3406 antiquorum

154 3428 318 3486 temporum,
330 3426 359 3464 ut
373 3415 518 3467 etiamnum
530 3416 600 3466 inter
609 3411 728 3484 populos
737 3411 868 3466 barbarus
878 3431 920 3478 res
932 3426 971 3465 est
983 3415 1047 3465 satis
1059 3415 1199 3485 frequent,

151 3506 181 3546 ttt
191 3495 290 3564 passim
298 3496 325 3546 in
335 3497 421 3546 minas
433 3495 503 3546 notis
516 3494 583 3546 iocis
596 3491 768 3546 crederentur
780 3509 837 3544 esse
851 3492 959 3563 popuii,
971 3492 1013 3544 vei
1026 3493 1198 3558 semilite,vel

154 3570 291 3636 homines,
306 3575 352 3642 qui
363 3571 496 3626 veneficiis
509 3585 538 3626 et
554 3575 661 3644 magicis
674 3569 776 3624 artibus
789 3569 928 3640 pollerent.
943 3572 980 3622 En
995 3568 1125 3626 Strabone
1142 3570 1160 3622 Ι.
1176 3592 1198 3625 c.

153 3650 200 3702 lib.
212 3651 249 3714 V,
262 3671 288 3722 p.
303 3651 354 3706 355
367 3654 400 3717 B,
414 3665 539 3724 apparet,
552 3651 697 3705 herbarum
707 3654 813 3721 copiam
823 3669 853 3702 ac
861 3651 1037 3721 frequentiam
1048 3653 1075 3702 in
1085 3649 1126 3703 his
1134 3651 1200 3704 locis

154 3731 354 3784 memorabilem
367 3733 513 3786 nonnullos
524 3731 692 3804 prodidisset
706 3730 779 3801 quod
792 3745 880 3783 tamen
893 3733 950 3802 ipse
964 3733 1052 3800 potius
1065 3729 1098 3782 ad
1110 3730 1200 3783 Circes

153 3807 272 3860 fabulam
283 3809 513 3864 accommodatum
521 3815 625 3884 putavit
635 3831 640 3860 ι
652 3809 711 3875 φασὶ
719 3805 792 3860 δὲκαὶ
800 3802 1009 3879 πολύρῥιξουῖνιι,
1020 3807 1200 3876 τέχιηᾷμιίθρ

153 3889 187 3956 τῷ
195 3893 246 3957 cipi
256 3891 537 3959 Κίριιςπμσιιευοὸπις.
546 3892 585 3946 De
592 3911 694 3946 veneno
704 3891 841 3944 mortifero
847 3892 874 3942 in
882 3902 971 3943 monte
978 3889 1077 3942 Circaeo
1085 3890 1201 3943 obscura

156 3980 195 4020 est
205 3972 324 4021 narratio
334 3973 362 4022 in
370 3971 462 4024 Audit.
473 3971 599 4024 Minthe.
611 3989 652 4044 79.
664 3971 812 4025 Arboribus
819 3971 1061 4041 frequentissimum
1071 3987 1127 4024 esre
1138 3989 1202 4041 prou

156 4049 318 4100 montorium
328 4049 473 4116 Circoeum,
486 4049 583 4104 diserte
595 4063 685 4102 namot
701 4049 916 4121 Theophrastus,
928 4050 994 4100 Hist.
1013 4048 1095 4100 Pinnt.
1115 4047 1154 4112 V,
1166 4065 1200 4118 9,

155 4126 276 4197 inprimis
284 4133 505 4204 myrtis‚quarum
513 4149 596 4204 genus
604 4128 828 4202 oiiquodhumiie,
836 4129 959 4200 etgeneri
967 4129 1107 4182 coronario
1115 4128 1202 4198 proxi·

303 4227 328 4282 ὃ.
989 4225 1022 4277 23
