3028 4682
472 447 705 515 nnnrnos
729 451 883 516 nisan
905 451 969 516 vr.
1181 480 1238 545 ¹97

201 566 340 633 Saturno
353 567 537 659 quondnm3
550 590 694 662 superet
706 574 932 654 Garamantum
946 593 978 640 et
991 576 1093 644 Indos
1196 593 1241 655 795

201 674 349 738 Proferet
361 677 551 764 imperium
560 679 647 769 jacet
660 697 747 744 extra
760 680 867 744 sidera
879 681 991 761 tenua,

199 779 297 842 Extra
308 782 385 844 anni
398 783 548 873 Solisque
559 785 641 863 vias,
654 784 711 848 ubi
723 785 846 850 caelifer
857 785 945 852 Atlas

200 887 302 948 Axcm
314 883 454 953 humero
466 905 599 979 torquet
610 890 712 955 stellis
723 889 915 956 ardentibus
927 907 1051 979 aptum.

198 1081 264 1125 tart..
277 1083 403 1136 utrumque
415 1073 493 1138 lapan,
501 1078 542 1138 qui
553 1074 630 1122 lusum
641 1077 720 1123 habet.
732 1103 764 1114 —
774 1077 826 1140 795.
839 1078 985 1124 Gmmentes
993 1077 1053 1123 male
1064 1077 1181 1124 scribitur.
1192 1081 1241 1124 Ga·

198 1141 336 1186 ramantt'eias
343 1143 410 1188 Indos
417 1159 453 1205 pr.
466 1145 546 1190 llamb.
556 1148 610 1192 item
620 1147 689 1194 male.
696 1173 728 1182 -
735 1147 788 1210 796.
797 1147 887 1211 meert
896 1147 954 1194 alter
965 1147 1045 1193 llamb.
1056 1163 1068 1192 a
1079 1163 1109 1190 m.
1120 1163 1155 1209 pr.
1164 1147 1242 1210 Perdis·
1272 1147 1282 1166 ⁸

198 1219 233 1254 ret
244 1211 292 1256 dno
301 1213 379 1258 Busta.
390 1239 422 1250 -·-
432 1230 483 1278 797.
496 1225 560 1262 exon
569 1233 639 1264 antias
657 1219 739 1266 Frano.
745 1254 753 1276 ,
763 1235 811 1264 non
827 1218 895 1266 male.
907 1217 997 1282 laacfftr
1010 1217 1148 1264 Montana
1161 1235 1191 1264 m.
1204 1235 1241 1282 pr.

199 1278 283 1328 Altam
294 1283 359 1328 Rom.
367 1310 398 1322 -
406 1287 458 1348 798.
471 1285 568 1334 lamen's
577 1305 612 1352 pr.
626 1290 707 1336 llamb.

199 1433 369 1500 appositum:
391 1436 476 1502 arud,
496 1437 543 1490 sed
564 1441 695 1492 variavit:
744 1443 803 1494 Jam
815 1443 927 1494 llomani
939 1441 1046 1514 quidem
1063 1442 1106 1492 vix
1125 1439 1159 1492 ad
1177 1439 1243 1490 Tro·

196 1527 311 1579 perarua
318 1515 564 1587 reqnataquandam
571 1519 695 1582 Saturna·
745 1522 833 1590 picum
846 1521 942 1574 Cancri
956 1533 1146 1591 pervenerunt,
1158 1519 1242 1570 multo

199 1605 257 1657 quas
279 1605 340 1646 sunt
361 1593 448 1664 ipsum
466 1596 578 1648 Latium.
601 1617 623 1648 v.
647 1601 694 1651 inf.
744 1602 831 1653 minus
844 1621 918 1654 arma
928 1601 998 1654 ultra
1010 1613 1170 1671 aquatorem
1180 1617 1244 1670 pro-

197 1668 270 1734 Vffls
279 1669 331 1740 3¹9
339 1691 396 1744 ΜΗ·
744 1680 862 1734 tulerunt
875 1695 900 1734 ct
911 1683 1022 1734 alterum
1036 1682 1182 1751 tropicum
1195 1677 1244 1731 sed

234 1749 399 1822 795-798.
430 1757 507 1808 Fines
537 1756 640 1826 imperii
668 1759 696 1810 in
744 1773 829 1832 poete
853 1763 928 1814 licuit
950 1761 1006 1814 heo
1030 1759 1191 1831 amplificare
1217 1771 1245 1812 et

196 1827 288 1881 Africa
301 1844 327 1882 et
346 1834 408 1884 Asia
420 1832 545 1886 dilatatos
560 1835 693 1906 intellige3
745 1838 802 1892 loca
837 1839 906 1893 altra
938 1841 1047 1912 tropicos
1080 1857 1261 1916 memorare„

196 1909 245 1960 etsi
262 1910 340 1960 rebus
361 1913 389 1963 in
409 1917 494 1982 majus
513 1916 605 1966 auctis.
619 1933 697 1985 snper
745 1919 866 1990 adeoque
893 1918 962 1972 altra
984 1921 1082 1984 sidera,
1099 1919 1157 1972 'hoc
1183 1931 1241 1985 est,

196 1985 208 2056 (
219 1988 289 2041 ultra
301 1991 311 2048 l
322 1991 512 2060 Garamantas,
522 1995 622 2046 victihi
632 2009 695 2049 sunt
743 1997 901 2064 Zodiacum,
913 1997 982 2050 altra
992 1997 1058 2050 Solis
1069 1998 1123 2048 vias
1129 1997 1241 2060 stanni,

197 2085 214 2117 a
225 2066 253 2116 L.
266 2068 391 2122 Cornelio
407 2072 503 2137 Balbo,
516 2075 591 2142 cnjus
605 2076 695 2126 trium·
744 2079 789 2146 qni
809 2077 854 2128 illo
873 2077 937 2128 solis
954 2077 1067 2128 decursu
1087 2076 1242 2141 conficitur,

196 2143 278 2214 phum
302 2149 374 2200 Fasti
403 2151 546 2220 Capitolini
576 2154 610 2202 Vl
634 2153 693 2205 Kal.
745 2155 831 2208 adens
841 2157 936 2207 Africae
948 2157 1042 2225 plagas
1053 2155 1242 2225 designandas,

196 2225 281 2294 April.
299 2245 322 2278 a.
344 2227 394 2295 735
407 2243 562 2282 memorant.
580 2231 614 2280 cf.
628 2230 694 2282 Plin.
744 2253 802 2305 qum
821 2235 890 2286 ultra
910 2249 987 2286 notas
1001 2248 1084 2286 terras
1106 2253 1189 2304 usquc
1207 2234 1242 2287 ad

197 2302 236 2366 V,
249 2303 273 2356 5.
286 2303 367 2358 Solin.
381 2327 403 2359 c.
418 2307 460 2358 31.
473 2311 504 2362 ln
523 2321 639 2362 extrema
650 2311 697 2382 igi·
743 2313 893 2382 Atlantem,
914 2327 940 2366 et
958 2314 1056 2366 lineam
1075 2314 1109 2366 ab
1129 2313 1182 2366 hoc
1193 2333 1242 2384 por

195 2396 240 2435 tur
257 2387 316 2438 vitae
333 2389 435 2460 Virgilii
447 2402 473 2442 et
489 2389 545 2442 linc
561 2390 690 2443 incidunt.
741 2395 860 2446 Africam
885 2393 1007 2460 ductam,
1035 2406 1240 2465 procurrentes,

194 2485 273 2538 saper
288 2467 384 2534 Indos,
411 2483 512 2541 spectat
537 2472 633 2541 partim
657 2470 693 2523 ad
741 2485 1239 2543 versusaustrumtnmerantrepertae.

195 2546 422 2620 tignaal’hraate
432 2551 538 2604 reddita
548 2553 578 2603 U.
589 2553 619 2605 C.
631 2551 691 2622 734,
741 2551 865 2604 Similiter
888 2551 972 2605 altera
995 2571 1025 2604 ex
1049 2565 1125 2623 parte
1150 2568 1241 2604 versus

193 2631 291 2701 partim
302 2629 336 2681 ad
347 2630 473 2683 ludorum
485 2631 644 2704 legationem
658 2631 693 2684 ad
742 2634 870 2686 arcticum
884 2632 975 2703 polum
993 2634 1147 2703 navigantes
1171 2631 1242 2683 diem

193 2709 342 2782 Augustum
354 2712 475 2778 missam,
488 2729 569 2782 quum
582 2714 609 2766 in
619 2711 693 2784 Syria
739 2723 796 2782 post
809 2723 879 2783 torpa
891 2709 1022 2782 solemque
1033 2709 1164 2782 reliquisse
1176 2711 1242 2762 dicti

194 2803 357 2856 versaretur,
373 2809 399 2842 v.
418 2791 513 2844 Strabo
526 2793 587 2856 XV,
600 2810 626 2862 p.
642 2809 693 2862 7¹9
742 2803 803 2842 sunt
816 2791 850 2842 ab
862 2790 1029 2842 Albinovano
1049 2791 1075 2840 in
1094 2791 1188 2862 fragm.
1207 2788 1241 2842 de

193 2867 223 2920 C.
237 2871 269 2919 D.
280 2871 350 2924 adde
361 2872 439 2923 Dion.
448 2871 558 2943 LtV‚9,
568 2889 626 2941 sup.
638 2873 691 2923 Vit.
741 2871 910 2942 navigatione
923 2889 939 2920 a
950 2869 1108 2920 Germanico
1118 2871 1145 2920 in
1155 2869 1243 2920 Oeen·

194 2949 265 3020 Virg.
281 2950 315 3002 ad
327 2969 351 3002 u.
365 2952 425 3019 734.
438 2951 502 3002 Loci
518 2952 693 3004 imitationem
743 2967 778 3000 no
795 2960 896 3000 tentata
911 2965 942 2999 ex
953 2949 1058 2998 Amisia
1077 2949 1153 2998 ostio.
1174 2947 1241 2998 Res-

192 3029 248 3095 jam
260 3029 344 3100 intpp.
358 3043 484 3080 notarunt
500 3031 527 3080 in
539 3029 602 3081 Silio
618 3031 692 3096 Vlll,
742 3029 795 3097 pici
816 3040 903 3080 autem
928 3045 943 3077 n
965 3028 1077 3078 Marone
1097 3023 1242 3078 Candacen

195 3105 247 3173 ⁴⁰9
257 3124 315 3176 sqq.
335 3106 368 3158 de
384 3107 519 3158 Ciceronis
531 3107 619 3160 laude.
633 3110 694 3160 Jam
742 3108 849 3170 victam,
859 3105 1051 3176 etlEthiopiam
1061 3104 1241 3175 supraAEpyp-

196 3183 311 3236 debebat
323 3186 414 3255 sequi:
427 3183 544 3255 proferet
553 3186 694 3255 imperinm
742 3197 799 3238 tum
811 3205 827 3238 a
839 3186 867 3238 C.
881 3187 1003 3238 Petronio
1016 3187 1101 3256 copiis
1115 3201 1241 3257 peragra-

195 3275 267 3316 ——et
276 3283 354 3337 saper
363 3283 421 3317 eam
434 3276 527 3316 terram
537 3303 546 3331 ,
560 3269 696 3338 qnoejaoet
742 3274 796 3314 tam
814 3264 954 3334 probabile
974 3263 1015 3325 fin
1038 3283 1091 3335 quo
1109 3263 1143 3316 de
1164 3283 1192 3315 re
1213 3283 1238 3316 v.

196 3352 269 3396 extra
280 3363 298 3396 s.
315 3343 366 3397 Sed
382 3346 498 3398 inversio
515 3345 587 3398 facta
599 3346 694 3398 enthu·
742 3341 836 3395 Strabo
855 3344 940 3410 XVll,
958 3363 985 3414 p.
1003 3345 1054 3396 Sao
1074 3363 1113 3414 sq.
1133 3356 1160 3396 et
1179 3345 1241 3396 vita

195 3426 320 3476 siasrnnm
334 3423 450 3494 adjuvat.
458 3426 489 3476 ln
496 3442 554 3495 sqq.
564 3423 692 3478 australes
708 3466 712 3475 s
741 3421 844 3492 Virgilii
855 3421 920 3474 atla.
931 3422 994 3492 732:
1007 3423 1052 3474 abi
1063 3420 1137 3474 Atlas
1147 3439 1239 3488 mem,

194 3503 290 3555 Africae
308 3505 400 3577 plagas
415 3505 548 3578 designari
567 3505 694 3558 manifes·
742 3501 851 3567 caelum,
874 3499 981 3554 temero
1001 3513 1115 3574 torquet,
1128 3505 1240 3555 sustinet

194 3596 251 3634 tom
264 3595 315 3644 est;
336 3583 383 3635 sed
400 3601 441 3637 res
461 3583 495 3635 ad
506 3582 632 3652 asperiter
644 3583 693 3636 de·
743 3593 910 3652 torquentem
920 3599 947 3634 se
956 3594 981 3634 et
991 3582 1242 3648 vertentem,stellis

194 3662 269 3715 flexa.
286 3660 353 3714 Solis
367 3663 414 3713 via
430 3665 538 3734 proprie
550 3675 611 3716 sunt
623 3665 693 3716 intra
741 3661 892 3714 ardentibus
903 3672 1006 3734 aptum,
1020 3681 1051 3714 ex
1062 3681 1114 3733 quo
1125 3683 1182 3730 axe,
1192 3682 1240 3716 seu

193 3743 324 3813 Tropicos
335 3743 431 3794 Cancri
441 3756 467 3794 et
478 3745 634 3814 Capricorni
643 3763 692 3815 per
742 3743 806 3796 carlo
822 3741 904 3794 stellae
916 3755 984 3814 apta
998 3755 1072 3804 sunt,
1085 3744 1112 3794 in
1129 3763 1160 3796 eo
1173 3743 1237 3796 lixa.

194 3823 404 3893 eclipticamsic
414 3823 484 3893 apud
494 3826 604 3878 Aratum
612 3825 691 3878 rinion
741 3822 793 3876 Sed
804 3821 858 3874 vid.
878 3839 935 3893 sup.
956 3821 1004 3888 IV,
1017 3821 1081 3890 481,
1102 3823 1167 3888 4825
1184 3824 1194 3894 (
1208 3843 1239 3876 cx

194 3901 301 3954 :tervan
320 3917 346 3955 et
360 3904 455 3964 ἅλυσις,
477 3903 606 3957 Phaenom.
625 3905 690 3976 319,
740 3904 876 3958 Gronovio
889 3903 924 3954 ad
936 3901 1026 3954 Senec.
1042 3903 1112 3954 Med.
1130 3921 1160 3958 to
1171 3905 1239 3958 frus·

194 3981 254 4032 321.
268 3981 372 4036 Servius
385 3983 477 4035 laudat
488 3983 587 4036 Lucani
602 3985 692 4038 locum
741 3996 783 4036 tra
798 3983 1043 4053 interpretationem
1061 3982 1114 4035 loci
1135 4001 1239 4055 exspec-

194 4060 692 4134 111,253sq.‚inquoAE1hiopesex-
741 4061 813 4133 tes.)
844 4061 961 4114 Similem
991 4065 1147 4114 sententiam
1181 4067 1237 4116 sinc

195 4149 236 4190 tra
245 4139 388 4196 zodiacum
398 4145 479 4216 positi
491 4161 548 4197 esse
558 4141 690 4197 dicuntur.
741 4155 838 4196 ornatu
850 4145 996 4198 enuntiavit
1009 4156 1101 4198 auctor
1113 4148 1236 4200 carminis
