2968 4696
475 376 539 440 ιιι
563 374 762 440 ainana
785 375 870 440 ιιι.
1127 385 1190 474 ³7³

159 497 235 552 biam
247 499 397 554 ltalicarnm
408 499 555 572 originibus
568 521 583 553 e
594 501 690 553 Grecis
703 501 799 552 labulis
811 503 961 573 repetendis
973 505 1129 563 laborarunt
1138 524 1195 564 tan·

159 590 217 631 ιιιιιι
227 599 280 633 non
290 599 394 646 omnes,
407 595 436 633 ut
447 599 496 633 nee
508 579 625 645 modum,
639 599 688 632 neo
698 583 827 633 rationem
840 591 1196 648 servaren15namlerissima

162 675 268 728 quaque
281 678 368 710 rerum
381 661 547 715 nominamus
564 657 734 714 similitudine
747 672 853 730 arrepta
866 663 1006 734 originem,
1023 684 1156 736 caussam,
1170 682 1196 722 et

164 737 329 790 conditorem
341 741 367 790 iu
379 739 480 791 Gracia
489 739 618 809 reperisse
630 738 681 788 sibi
690 737 774 789 uideri
787 740 916 793 solebant.
928 743 984 794 lloc
996 743 1066 798 idem
1076 762 1115 800 tot
1127 752 1196 802 viro-
1292 767 1293 772 ¹

161 830 221 865 rum
234 816 374 869 doctorum
387 815 533 887 exemplum
544 815 667 868 obfuerat
678 817 804 888 Dionysio
818 819 1057 888 Halicarnassensi,
1068 828 1124 878 viro
1135 847 1196 881 anu·

161 893 278 960 tissima,
292 910 321 949 ut
333 898 425 950 urbem
440 899 549 948 Romam
557 899 611 966 jara
624 895 685 948 indo
694 896 727 948 ab
736 899 812 949 initio
823 897 856 950 ad
868 899 962 952 Graece
975 902 1085 956 colonie
1097 925 1197 960 morena

162 967 337 1045 descriptam,
353 977 451 1048 opibus
464 979 534 1028 inter
548 976 659 1046 Regem,
678 975 803 1028 Senatum
817 991 842 1028 et
859 978 1001 1050 Populum,
1018 984 1150 1052 sapienter
1162 985 1197 1036 ad

161 1053 287 1105 trutinam
297 1059 453 1127 exaequatis,
467 1057 556 1126 reique
569 1055 682 1126 publicae
691 1055 812 1126 partibus
825 1057 957 1111 subtiliter
966 1063 1115 1113 constitutis
1125 1083 1197 1136 egre-

160 1130 202 1201 gie
215 1131 366 1200 fundatam,
380 1151 505 1206 tanquam
517 1137 544 1187 in
557 1134 649 1187 tabula
661 1137 733 1206 picta
745 1135 888 1188 exhiberet.

197 1211 281 1264 Pravo
299 1214 352 1267 boe
370 1215 467 1268 Graece
486 1214 611 1266 doctrine
630 1213 718 1267 studio
737 1215 903 1270 doctissimos
921 1237 952 1270 es
968 1221 1092 1274 Romanis
1104 1224 1126 1274 si
1139 1226 1197 1295 quis

160 1287 277 1344 imbutos
285 1294 367 1346 inisse
377 1293 508 1360 audierit,
521 1311 575 1344 non
587 1293 699 1364 amplius
716 1294 855 1347 mirabitur
871 1295 994 1350 Etruscos
1007 1317 1023 1350 a
1036 1298 1196 1372 Tyrrhenis,

162 1363 274 1422 Sabinos
287 1389 303 1422 a
313 1371 533 1438 Lacedaemoniis,
554 1371 682 1424 deductos
700 1374 778 1434 larri3
789 1373 874 1425 Tibur
886 1391 942 1428 esse
953 1377 1111 1448 Argivorum
1124 1380 1198 1432 colo-

163 1445 234 1496 niam
248 1447 259 1516 (
264 1451 310 1500 v11
317 1487 326 1515 ,
338 1450 418 1520 672);
433 1451 572 1516 Halesum,
583 1451 787 1522 Agamemnonis
803 1451 898 1518 lilium,
910 1454 1049 1508 Auruncos
1061 1477 1076 1509 e
1088 1457 1199 1530 Campa·

162 1525 207 1576 nia
219 1524 316 1582 ducere
330 1528 410 1599 (ibid.
425 1532 474 1598 723
487 1530 559 1601 sq.);
571 1533 687 1582 Ariciam
698 1532 789 1583 Dianae
799 1533 927 1584 amasium
936 1534 1109 1607 Hippolytum
1121 1556 1198 1590 ence-

161 1605 232 1675 pissa
249 1607 389 1682 (761sq.).
407 1609 549 1681 comparet
566 1611 662 1681 aliquis
674 1611 766 1664 Festos
777 1611 866 1664 Ovidii
876 1632 900 1664 v.
914 1633 937 1666 e.
951 1614 997 1666 lib.
1011 1617 1061 1684 IV,
1072 1617 1106 1670 63
1119 1637 1158 1690 sq.
1173 1632 1199 1672 et

162 1682 197 1733 ad
209 1702 343 1741 sacrorum
353 1691 452 1741 rituum
462 1691 644 1761 fastorumque
657 1707 763 1742 caussas
775 1703 802 1743 at
814 1693 929 1763 origines
939 1693 977 1744 ibi
991 1694 1101 1749 traditas
1114 1711 1199 1750 atten-

164 1760 226 1829 dat,
240 1769 332 1820 autad
349 1769 513 1838 Questiones
532 1772 664 1823 Romanas
683 1771 826 1824 Plutarchi.
846 1773 988 1826 lnnamera
1005 1774 1083 1845 hujus
1099 1779 1200 1848 generis

162 1855 223 1894 sunt
233 1845 286 1898 alia
298 1847 370 1919 apud
379 1847 495 1900 Servium
505 1848 660 1914 ,Plutarch-
671 1849 774 1901 llomul.
783 1886 793 1914 ,
802 1852 897 1902 lustin.
910 1851 972 1919 XX,
986 1867 995 1902 ι
1011 1871 1067 1923 pn,
1080 1854 1199 1908 Solinam

165 1940 187 1973 c.
202 1923 234 1988 8,
249 1939 275 1976 et
287 1926 359 1998 apud
367 1928 568 1982 Grammaticos.
580 1930 620 1981 De
633 1930 753 1982 instituto
766 1929 830 1982 talia
842 1933 994 2002 persequuti
1008 1951 1066 1985 esse
1077 1935 1201 1988 videntur

164 2001 313 2057 Alexander
324 2007 483 2077 Polyhistor,
496 2009 648 2060 etArianns
661 2011 773 2080 aliquis,
795 2012 863 2080 «qui
881 2011 975 2062 iambis
993 2025 1079 2065 totum
1097 2015 1200 2068 Livium

164 2084 283 2153 scripsit,
294 2109 304 2131 ιι
320 2097 348 2136 ιιι
360 2085 463 2137 Servius
476 2088 513 2138 ait
526 2086 559 2140 ad
570 2087 617 2138 lib.
630 2089 668 2152 X,
681 2089 746 2154 388,
759 2091 822 2140 item
835 2089 952 2161 Hyginus
963 2089 994 2140 de
1007 2092 1111 2145 serbiam
1122 2094 1202 2146 Itali-

164 2176 255 2211 carum
266 2163 375 2235 oriqiae.
393 2163 419 2214 Si
432 2166 502 2215 forte
514 2167 629 2230 mireris,
640 2165 774 2234 quomodo
786 2165 828 2216 his
845 2167 954 2218 somniis
969 2179 1070 2218 tantum
1082 2169 1199 2223 tribuere

163 2244 280 2311 potuerit
292 2246 444 2315 antiquitas,
455 2243 649 2298 recordandum
662 2258 701 2296 est
712 2243 804 2296 similis
814 2246 947 2309 vanitatis,
961 2263 1013 2314 qua
1020 2249 1070 2298 viri
1076 2247 1148 2300 docti
1156 2267 1200 2301 sa·

165 2321 271 2389 periore
290 2336 365 2376 etate
384 2343 489 2376 omnem
501 2336 617 2376 veterem
628 2323 733 2377 ltaliam
744 2341 775 2376 ex
787 2321 924 2375 Hebraicis
936 2323 1036 2378 Lexicis
1047 2324 1058 2396 (
1065 2325 1201 2382 Phoenicia

165 2399 248 2452 verba
259 2420 286 2455 se
299 2417 387 2457 tenere
398 2403 545 2475 putabant)
554 2405 691 2474 repetiere.

199 2479 240 2531 lta
251 2482 357 2535 tandem
369 2486 468 2534 factum
481 2494 533 2547 est,
547 2495 576 2533 ιιι
588 2484 666 2552 pauci
678 2483 764 2534 Latini
781 2481 863 2554 mythi
881 2483 1017 2552 propriam
1034 2501 1108 2536 suam
1124 2497 1203 2538 natu-

164 2574 222 2610 ram
232 2563 381 2615 retinerent.
395 2564 435 2614 lta
446 2561 559 2613 Saturno
571 2579 603 2612 ea
612 2561 776 2624 tribuerunt,
790 2578 847 2631 quos
860 2560 943 2612 Greci
955 2558 989 2612 de
1001 2555 1071 2628 tpirp
1085 2579 1133 2613 suo
1142 2583 1202 2616 nar·

165 2638 275 2706 mbant,
288 2643 366 2692 etiam
377 2657 483 2692 auream
494 2651 606 2704 atatem,
618 2637 653 2708 (v.
667 2657 690 2690 c.
700 2639 758 2690 AEn.
770 2638 820 2704 Vl,
834 2637 884 2708 793
893 2667 925 2676 -
934 2637 995 2710 795)
1005 2649 1030 2690 et
1039 2639 1112 2691 loris
1120 2641 1203 2712 impia

166 2719 285 2772 consilia.
298 2720 417 2786 Faunos,
431 2721 476 2790 qui
488 2719 563 2771 Latio
576 2731 602 2770 et
615 2717 723 2770 Etruriae
734 2717 837 2788 proprii
851 2727 926 2780 sunt,
939 2733 1000 2767 cum
1013 2716 1143 2784 Panibus,
1156 2719 1202 2772 Sa·

166 2799 242 2871 tyris,
256 2812 281 2852 et
293 2798 386 2852 Silonis
397 2801 572 2862 miscuerunt,
581 2795 706 2867 adjuncto
714 2797 793 2848 etiam
801 2793 1056 2857 Bacch030amenas
1065 2796 1202 2869 Nymphas

167 2897 227 2930 cum
234 2881 330 2931 blasii:
340 2893 365 2932 ct
374 2881 412 2932 sie
424 2897 513 2949 porro.
525 2878 673 2930 Albuneem
685 2877 805 2929 iecerunt
815 2893 847 2927 ex
856 2873 1018 2935 bonothus,
1032 2877 1203 2928 Portumnum

168 2976 199 3010 ex
210 2958 360 3022 Melicerta,
373 2960 418 3029 qni
432 2957 583 3010 Phoenicum
596 2957 687 3028 utique
703 2955 916 3028 navigationibus
935 2954 969 3006 ad
987 2954 1091 3006 Graecos
1112 2973 1204 3026 perve-

169 3047 258 3100 nerat,
276 3038 344 3086 forte
356 3038 378 3086 is
387 3038 442 3104 jam
457 3054 472 3084 a
485 3034 586 3086 Cadmo
604 3034 708 3100 illatus,
726 3047 751 3086 et
769 3035 923 3086 Palaemonis
935 3033 1040 3084 nomine
1054 3033 1201 3106 insignitus.

168 3111 343 3164 Adsciuemnt
356 3129 462 3182 quoque
474 3114 574 3183 passim
587 3113 727 3182 religiones
740 3125 766 3164 et
778 3114 886 3164 nomina
903 3110 1013 3162 deorum
1029 3129 1127 3182 greca,
1147 3131 1203 3184 ques

170 3188 345 3242 obliterarunt
357 3191 480 3260 antiqua;
493 3193 531 3242 ita
541 3193 670 3243 Venerem
680 3203 837 3262 receperunt
844 3205 870 3244 et
876 3191 1028 3242 Dioscuros.
1037 3191 1088 3243 Res
1096 3191 1204 3244 tandem

171 3288 202 3322 eo
216 3269 343 3336 adducta,
364 3279 394 3322 ut
408 3268 514 3341 pessimi
523 3267 682 3341 fabularum
698 3287 804 3321 suarum
824 3270 971 3339 interpretes
988 3279 1069 3320 essent
1082 3269 1203 3326 domeni,

169 3347 226 3400 Nec
237 3350 377 3420 quicquam
389 3349 439 3400 fnit
451 3348 524 3400 ltalis
537 3347 604 3402 adeo
616 3347 789 3400 domesticum
799 3367 831 3400 ac
840 3348 992 3420 proprium,
1005 3349 1069 3418 quin
1082 3366 1097 3399 a
1107 3347 1205 3400 Graecis

169 3441 327 3498 repeterent.
339 3431 427 3501 Ipsum
436 3430 531 3481 lanum
542 3447 574 3482 ex
581 3427 877 3482 Perrhaebia'l'hessalise
885 3427 931 3498 qui
940 3426 1115 3492 adducerent,
1123 3428 1205 3482 fuisse

169 3507 247 3581 pideo
265 3507 336 3580 apud
353 3507 521 3561 Plutarchum
537 3508 588 3576 Qu.
608 3509 683 3560 Rom.
703 3527 729 3579 p.
747 3507 797 3578 269
817 3508 855 3568 A;
874 3506 955 3570 alios,
976 3505 1022 3575 qui
1040 3524 1072 3557 ex
1091 3504 1206 3574 Creusa,

170 3588 311 3642 Erechthei
321 3587 484 3641 Athenarum
496 3591 563 3662 regis
576 3587 644 3654 lilia,
656 3601 761 3653 natum,
775 3585 847 3660 apud
853 3587 953 3638 Victor.
963 3586 995 3637 Ο.
1004 3584 1036 3637 G.
1043 3587 1074 3636 lt.
1084 3603 1107 3636 a.
1117 3585 1207 3653 Quid?

171 3667 244 3739 quod
255 3669 405 3720 ianiculum
416 3671 449 3721 ab
460 3671 541 3738 lone,
555 3668 659 3721 Creusae
669 3667 736 3732 lilio,
748 3687 779 3722 ex
787 3665 922 3738 Euripidis
934 3665 1026 3718 labala
1038 3677 1118 3730 noto,
1131 3665 1207 3720 luere

172 3747 217 3816 qui
230 3747 367 3800 canditum
379 3747 515 3802 traderent
527 3767 570 3820 ap.
585 3747 674 3800 Aurei.
688 3749 755 3801 Vict.
766 3747 799 3799 0.
810 3747 841 3800 G.
855 3747 886 3797 lt.
901 3763 925 3798 a.
938 3746 1026 3812 blais,
1040 3761 1111 3813 quar,
1124 3757 1153 3796 nt
1162 3763 1206 3798 su·

171 3841 221 3894 pra
233 3823 346 3876 vidimus
356 3863 364 3892 ,
376 3835 460 3878 mater
471 3827 552 3881 Terra
567 3839 638 3891 erat,
653 3825 687 3879 ad
703 3825 803 3878 Maiam
818 3823 943 3876 Mercurii
955 3833 1064 3875 matrem
1083 3835 1207 3877 revocata

174 3913 221 3953 est.
237 3903 375 3970 Nerienes,
387 3905 487 3972 llirtus,
500 3906 542 3959 val
553 3905 693 3959 Fortitudo
705 3906 774 3958 inter
786 3903 908 3970 Sabinos,
919 3904 947 3954 in
956 3899 1096 3954 Nereidem
1110 3913 1152 3954 est
1162 3900 1208 3954 de·

173 3995 294 4053 praesta.
307 3983 373 4037 Gell.
389 3988 459 4038 conl.
472 3989 547 4053 xul,
561 4005 602 4040 aa.
615 3986 764 4058 corrupere
777 4002 883 4057 quoque
894 4001 969 4036 sacra
982 4000 1029 4034 sua
1040 3983 1151 4036 Romani
1161 3981 1207 4034 ad.

172 4063 259 4195 grissia
269 4065 361 4122 alienis
369 4067 552 4144 opinionibus,
563 4080 592 4122 ut
597 4067 784 4142 Lupercalium
793 4067 859 4137 ritas
869 4065 982 4140 arreptis
989 4061 1087 4120 sabulis
1095 4060 1129 4117 de
1136 4061 1207 4116 Pane

196 4159 330 4198 raecorunr.
