2956 4680
22 469 36 520 'n

481 336 544 402 sn
566 335 764 404 ernnust
786 338 872 405 vtt.
1133 349 1192 437 391

195 451 261 518 Quo
280 473 340 507 cum
357 458 395 510 its
413 475 441 511 ss
459 458 592 522 habeant,
612 461 646 512 ad
660 463 854 534 assequendum
871 463 979 518 difficile
995 477 1049 532 est,
1062 469 1198 541 quomodo

162 526 214 582 lroc
230 551 283 584 uno
293 537 321 586 in
332 535 393 589 loco
405 539 530 609 Virgilius
540 553 655 592 veterem
665 544 763 594 lernam
773 543 894 596 deserere
905 559 930 597 et
939 546 1103 620 Messapum,
1116 551 1159 601 cui
1172 551 1200 600 in

161 619 278 695 extrema
290 613 367 666 italis
378 615 468 669 sedem
484 630 637 670 constanter·
651 621 794 692 assignavit
810 634 942 685 vetustus,
956 625 1138 691 Fescenninis,
1150 629 1200 678 Fa·

161 681 249 750 lrscts,
262 692 410 762 ceterisque
428 697 556 746 enarretis
569 696 679 748 Etruria
694 697 801 770 populis
818 698 913 751 ducem
930 700 993 752 dare
1011 703 1141 756 maluerit.
1153 704 1201 754 Vi-

161 761 240 815 detur
257 781 328 822 certe
342 784 422 842 poeta
440 788 567 844 sequutus
581 793 638 828 esse
658 776 773 846 aliquid,
793 776 866 848 quod
880 797 951 832 nunc
968 782 1120 853 ignoratur:
1138 802 1201 836 nam

162 859 272 898 exornet
283 847 355 903 hunc
366 853 518 926 Messapum
529 859 639 928 ejusque
650 860 741 930 copies
754 872 780 910 et
790 860 916 931 singulari
926 863 978 914 ritu
988 863 1115 928 illustrat,
1129 863 1202 936 qnod

162 938 226 1012 cum¹
240 923 362 999 rhythmo
374 948 400 984 et
412 948 492 986 centu
512 937 674 990 incesserint.
695 939 736 989 An
752 937 843 990 Servio
862 940 963 1011 aliquid
983 941 1152 995 tribuendum
1168 945 1204 995 sit

162 994 256 1051 dubno
266 1040 274 1070 ,
286 1005 349 1060 dum
363 1012 416 1062 ait:
432 1012 473 1064 At
486 1011 535 1066 ltoe
546 1013 703 1086 (Messapo)
717 1016 821 1068 Ennius
832 1017 899 1068 dicit
913 1036 939 1070 se
954 1018 1082 1091 oripinem
1093 1021 1202 1071 ducere:

163 1079 233 1130 unde
242 1102 313 1138 nuno
324 1099 348 1140 et
357 1102 489 1146 cantantes
499 1094 601 1147 inducit
607 1097 662 1167 ejus
669 1096 749 1148 socios
758 1133 767 1160 ‚
780 1106 805 1146 et
815 1115 857 1150 eos
867 1099 1102 1170 comparatcycnis.
1113 1101 1203 1152 Inces-

163 1172 222 1210 sum
234 1164 342 1230 quidem
356 1171 435 1224 telem
448 1191 507 1224 cum
519 1187 613 1240 centu,
627 1187 654 1226 et
665 1175 801 1227 saltationi
814 1193 959 1228 numerose
974 1177 1101 1244 similem,
1113 1179 1203 1230 multis

163 1231 284 1294 burburis
297 1248 423 1300 usitatum
435 1253 518 1303 fuisse
531 1254 594 1304 satis
609 1266 721 1305 constat.
735 1255 770 1306 cf.
789 1254 877 1307 Cerda
894 1253 967 1307 adh.
980 1256 997 1306 l.
1011 1256 1053 1308 Ad
1064 1259 1206 1310 Fescenni-

163 1332 259 1370 norum
268 1329 414 1381 csrmiuum
427 1330 561 1384 licentiam
580 1346 605 1385 et
619 1337 696 1403 jocos
713 1353 775 1386 vero
788 1337 920 1406 respicere
929 1348 1036 1406 poetam
1047 1355 1101 1388 uon
1114 1337 1203 1390 credo.

163 1394 244 1462 Quod
255 1403 373 1476 Neptuni
386 1409 468 1462 fitium
481 1413 546 1464 fucit
562 1414 716 1484 Messapum
731 1414 871 1485 Virgilius,
888 1427 959 1465 recte
977 1433 1007 1466 ex
1025 1429 1114 1468 vetere
1130 1436 1205 1470 more

163 1473 291 1547 loquendi
304 1488 418 1560 explicet
429 1490 553 1544 Servius:
572 1492 626 1544 Hic
637 1494 770 1562 Messapus
786 1511 835 1564 per
851 1512 924 1544 more
939 1493 975 1544 ad
990 1494 1099 1546 Italiam
1117 1497 1204 1560 venit,-

166 1557 233 1608 wrde
244 1557 365 1634 Neptuni
375 1567 460 1622 dictus
470 1581 505 1622 est
516 1567 602 1642 filius.
622 1571 662 1621 lta
672 1572 742 1622 enim
753 1570 829 1621 multi
841 1573 940 1642 passim
955 1575 1074 1644 Neptuni
1087 1587 1132 1626 ant
1144 1574 1205 1640 titii,

165 1649 211 1686 aut
230 1646 323 1697 amutii
343 1648 470 1717 appellati
488 1652 580 1714 fuere,
600 1652 727 1720 quoniam
746 1652 814 1701 mari
834 1652 1014 1705 advenerant:
1031 1674 1056 1706 v.
1072 1673 1094 1706 c.
1110 1655 1210 1726 Pelops

165 1717 238 1786 apud
248 1721 390 1778 Pindarum
401 1729 444 1781 Ol.
459 1731 479 1780 1.
493 1729 569 1780 Unde
589 1742 676 1782 sutem
694 1732 722 1782 in
735 1743 851 1782 mentem
864 1734 966 1784 venerit
977 1746 1076 1803 poetae,
1094 1747 1122 1785 ut
1134 1734 1206 1786 hunc
1303 1737 1308 1750 “

164 1792 315 1871 Messapum
328 1806 485 1861 indomitum
493 1811 548 1880 igni
558 1821 585 1860 et
594 1811 666 1860 ferro
679 1811 796 1875 faceret,
806 1812 844 1862 ita
851 1812 906 1864 fere
916 1815 1022 1883 assequi
1030 1813 1094 1864 mihi
1103 1813 1206 1880 videor,

165 1878 238 1944 quod
250 1881 319 1936 inter
332 1907 392 1954 eos,
404 1907 471 1960 quos
483 1889 573 1954 ducit,
586 1887 702 1940 Soractis
715 1892 811 1941 montis
823 1891 919 1942 occolae
931 1905 1007 1958 sunt,
1018 1893 1094 1964 Hirpi
1106 1892 1146 1945 illi
1156 1912 1206 1945 suo

165 1960 272 2013 nomine
285 1963 362 2034 dicti,
376 1971 421 2038 qui
431 1969 561 2020 sacrificio
574 1987 681 2034 annuo,
700 1968 772 2038 quod
785 1968 891 2022 adeum
904 1984 1020 2023 montem
1033 1971 1114 2024 fiebat
1124 1973 1208 2044 Apol-

165 2029 461 2108 lini,superarnbustam
468 2045 637 2116 lignistruem
646 2044 814 2098 ambulantes
822 2065 874 2098 non
882 2048 1066 2101 adurebontur.
1075 2050 1141 2101 Plio.
1150 2051 1207 2118 Vll,

166 2123 190 2158 ².
205 2115 276 2164 conf.
290 2119 347 2170 AEn.
361 2120 410 2188 lll,
423 2121 472 2191 587
488 2139 545 2192 sqq.

201 2205 226 2238 V·
244 2193 402 2266 706-717.
420 2200 488 2250 Ecce
503 2201 660 2252 Sabinorum
674 2201 758 2271 prisco
775 2203 806 2253 de
823 2205 951 2274 sanquine
969 2221 1092 2275 mapnnm
1105 2204 1210 2276 Apmen

166 2285 244 2339 apem
261 2271 367 2330 Clattsus
378 2307 413 2318 -
428 2279 486 2330 Una
506 2280 596 2351 inpens
615 2280 753 2332 Amiterno
772 2279 862 2333 cobors
880 2294 930 2334 etc.
945 2284 1023 2334 Fines
1042 2285 1098 2354 agri
1115 2283 1206 2336 Sabini

166 2363 246 2420 poeta
265 2355 356 2424 paullo
376 2357 456 2410 latius
475 2362 612 2412 constituit
628 2379 709 2431 quam
721 2359 756 2411 ad
768 2363 935 2430 sequentium
952 2364 1205 2428 sternutationes,

168 2444 234 2496 quas
246 2431 377 2489 strabon
388 2437 487 2490 Plinius
500 2451 561 2491 ante
574 2439 666 2490 oculos
678 2437 837 2490 habuerunt.
847 2438 945 2491 Saltem
957 2439 1026 2492 latus
1036 2441 1206 2510 septemtrio-

167 2509 228 2560 nale
247 2531 330 2584 usque
351 2516 386 2568 sd
405 2531 521 2571 montem
540 2519 680 2571 Fiscellum
698 2517 832 2583 extendit,
852 2519 901 2570 sub
921 2537 999 2589 quem
1011 2519 1108 2574 Nursia
1119 2521 1207 2592 posita

169 2602 241 2656 crat,
254 2605 280 2644 et
292 2595 326 2646 ab
339 2597 476 2651 occidente
488 2600 616 2664 Hortum,
628 2597 699 2650 ultro
711 2599 810 2650 Narem
825 2599 916 2650 Tiberi
929 2599 1089 2666 immissum,
1107 2617 1208 2652 memo-

167 2681 218 2722 rat.
230 2672 412 2743 Amiternum,
426 2680 543 2749 quinque
556 2680 661 2730 circiter
672 2676 756 2728 millia
768 2677 802 2729 ab
814 2674 915 2748 Aquilo
930 2695 1021 2734 versus
1034 2679 1135 2730 Alterni
1147 2680 1208 2731 fou-

167 2759 220 2799 tem
232 2753 259 2802 io
269 2751 329 2804 loco
343 2757 434 2822 situm,
448 2759 494 2828 qui
505 2757 531 2809 S.
548 2757 679 2811 Victorino
695 2756 776 2828 vulgo
793 2756 961 2828 appellatur,
981 2775 1036 2809 non
1053 2758 1207 2828 infrequens

167 2831 256 2899 prisca
268 2847 342 2888 etate
353 2837 482 2909 oppidum
499 2855 556 2890 esse
575 2837 684 2902 debuit,
704 2838 726 2888 si
746 2835 853 2906 quidem
869 2849 950 2907 poeta
968 2837 1055 2908 inqcns
1070 2837 1207 2889 Amiterna

169 2907 258 2961 cohors
277 2911 365 2966 dicere
382 2918 480 2986 potuit.
492 2915 572 2986 prisci
586 2916 699 2984 Quirites
714 2928 838 2986 respectu
850 2917 1046 2978 Romanorum,
1060 2916 1105 2984 qui
1119 2916 1207 2986 stipsi

169 2984 285 3050 Quirites
296 2991 374 3055 dicti,
387 3011 418 3045 ex
430 3011 483 3063 quo
496 2993 587 3045 Sabini
602 2993 711 3045 Curibus
721 2992 828 3044 oriundi
837 3009 897 3044 com
908 2993 938 3043 Τ.
952 2991 1029 3044 Tatio
1043 2993 1152 3043 Romam
1161 3009 1209 3044 re·

169 3079 272 3120 nerent.
295 3070 370 3122 Cures
388 3083 491 3135 autem,
510 3072 722 3140 antiquissimum
740 3070 915 3141 Aboriginum
934 3068 1077 3140 oppidum,
1088 3087 1208 3139 pronun·

169 3147 231 3197 tisri
243 3145 334 3199 debuit
348 3149 439 3218 Quires
449 3149 491 3201 vel
506 3149 609 3218 Quiris,
622 3145 698 3216 Κύριε,
711 3149 782 3200 unde
798 3147 926 3217 Quirites,
943 3147 1007 3199 dicti
1022 3164 1073 3218 pro
1091 3149 1209 3203 Curensi·

171 3223 223 3276 bus.
237 3224 306 3278 Situs
318 3226 427 3278 Curium
443 3229 493 3278 fuit
505 3229 532 3278 in
547 3225 645 3278 Sabina
661 3227 782 3297 regione,
796 3243 866 3289 non,
883 3223 956 3294 quod
967 3223 1104 3276 Cluverius
1115 3245 1142 3296 p.
1156 3225 1207 3296 675

169 3307 286 3376 putarit,
301 3309 328 3359 in
342 3306 401 3359 loco
420 3307 542 3361 Veseovio
561 3324 632 3358 nuno
646 3305 729 3368 dicto,
743 3304 790 3357 sed
802 3304 894 3376 paullo
906 3305 1017 3357 inferius
1028 3303 1063 3356 ad
1075 3305 1209 3357 sinistram.

170 3387 257 3456 ripam
272 3389 357 3439 amnis
376 3389 478 3452 Conse,
498 3389 527 3439 in
546 3388 603 3458 agri
617 3384 734 3437 Forensis
752 3383 812 3436 loco
826 3383 919 3436 Monte
932 3383 1065 3456 mappiore
1082 3382 1168 3449 dicto,
1181 3383 1210 3436 id

173 3463 245 3534 quod
257 3464 335 3518 docte
348 3465 492 3520 declaravit
509 3465 660 3534 Copmartin
673 3463 704 3514 de
721 3463 830 3535 Cbaupy
842 3463 1016 3532 (De‘couverte
1027 3463 1058 3514 de
1069 3459 1094 3513 lu
1104 3462 1210 3515 Maison

171 3541 203 3594 de
214 3561 359 3616 campoque
374 3543 502 3597 d'Horaee
509 3543 601 3608 ,Toou
612 3543 664 3606 111,
677 3559 736 3612 pag.
749 3543 781 3610 75
790 3545 878 3612 sqq),
891 3541 972 3612 quiin
982 3539 1034 3592 hoc
1044 3539 1138 3592 eodem
1148 3540 1208 3592 loco

162 3619 260 3674 'sillam
273 3623 323 3675 sibi
335 3624 447 3677 redemit
461 3637 487 3678 et
499 3623 629 3674 instruxit.
642 3621 714 3672 Idem
729 3639 791 3691 pag.
804 3621 837 3690 67
851 3637 909 3690 sqq.
923 3630 1008 3670 totum
1022 3630 1107 3688 postu
1119 3618 1207 3672 locum

173 3702 276 3774 egregie
294 3701 422 3765 illustrem
435 3703 507 3755 unde
520 3702 708 3753 transferemus
721 3698 849 3750 nonnulla
862 3701 890 3749 io
906 3697 934 3748 lt.
947 3695 979 3762 l.‚
993 3695 1209 3768 quandoquidem

171 3799 303 3851 nusquam
315 3780 379 3833 alibi
396 3796 450 3834 turn
467 3794 591 3834 accurate
609 3778 665 3832 huc
684 3791 798 3832 tractate
816 3777 938 3830 vidimus.
956 3777 1064 3827 Eretum
1080 3775 1160 3848 vulgo
1180 3780 1208 3830 in

174 3859 242 3914 colle
254 3859 327 3914 haud
337 3861 432 3935 procul
442 3862 545 3914 Tiberis
557 3862 632 3934 ripa,
643 3861 735 3912 Monte
745 3857 873 3920 Nitondo,
887 3858 1078 3929 quaesiverunt:
1089 3856 1159 3910 idem
1168 3861 1209 3912 vir

172 3939 266 3992 doctus
280 3942 359 3992 situm
372 3941 508 4012 eliquanto
520 3941 631 4012 propius
644 3937 679 3992 ed
687 3939 805 3992 Tiberim
817 3940 844 3990 in
856 3936 979 3990 colliculo
990 3934 1150 4007 exploravit;
1161 3955 1209 4010 ap.

172 4018 287 4092 pellatur
302 4018 377 4074 locus
395 4020 520 4082 llimrme,¹
536 4037 560 4072 v.
575 4039 603 4094 p.
624 4019 672 4086 85,
689 4035 731 4088 9¹·
751 4018 873 4072 Mutusco
887 4029 926 4072 est
943 4013 1207 4084 TrebulaMutusca,
