2956 4680
379 381 614 448 anninus
637 381 791 444 uranu
814 381 923 444 vui.
1108 384 1167 468 47¹

131 507 241 587 Quam
253 505 349 572 variae
361 504 495 594 linguis,
509 505 624 570 habitu
635 521 702 569 tam
713 503 828 583 vestis,
841 520 875 593 et
889 501 996 568 armis.

133 610 200 674 Hic
212 610 397 676 Nomadum
410 633 527 700 genus,
541 627 574 676 et
586 609 762 675 discinctos
775 608 938 673 Mulciber
948 608 1056 686 Afros,

134 715 201 779 Hic
214 717 361 804 Lelegas,
375 719 552 806 Carasque,
566 716 831 804 sagittiferosque
845 715 990 780 Gelonos
1132 725 1176 785 725

134 820 297 885 Fluxerat.
312 822 494 910 Euphrates
506 821 572 887 ibat
581 823 651 912 jam
663 821 795 886 mollior
807 819 919 898 undis,

136 1025 293 1087 Pleu-724.
301 1029 360 1073 Hinc
370 1028 408 1074 hic
420 1039 442 1074 et
451 1043 516 1091 aequ.
526 1043 594 1076 versu
604 1026 689 1090 aliqui,
699 1029 746 1073 tiva
756 1039 855 1089 utroque
865 1023 926 1080 loco,
940 1027 989 1072 sire
1001 1022 1113 1070 alterutro
1125 1033 1179 1068 tan-

138 1105 198 1140 tum.
209 1097 333 1142 Numidam
342 1097 447 1160 plerique
458 1101 517 1146 Pier.
525 1111 549 1144 et
558 1112 604 1146 tras
613 1097 682 1144 Goth.
694 1098 824 1144 Nomadum
834 1095 874 1142 alii
883 1097 975 1152 licina„
985 1107 1011 1140 ut
1022 1095 1106 1156 passim
1115 1091 1179 1140 alibi.

138 1181 163 1210 v.
176 1179 227 1226 top.
240 1166 270 1213 ad
279 1167 322 1222 lll,
335 1168 388 1213 320.
398 1169 524 1224 dutiuctos,
538 1168 669 1224 dualitates,
685 1167 810 1223 devinctos,
824 1163 943 1219 dissultat,
953 1165 1008 1210 vitia
1017 1162 1181 1208 librariorum:

138 1235 202 1280 inter
213 1251 265 1298 qua
277 1239 345 1282 ctiam
357 1237 465 1300 Mulcifaer
475 1238 624 1285 referendum
643 1240 668 1284 in
685 1249 750 1300 parte
767 1237 846 1282 lleint.
865 1247 889 1281 ct
904 1235 971 1280 trinis
986 1231 1056 1278 Goth.
1070 1229 1183 1276 Mulciber

141 1305 263 1367 antiquum
273 1320 371 1363 nomen,
383 1309 447 1371 quod
460 1309 526 1356 Maro
540 1309 570 1354 ab
579 1309 648 1356 Accio
658 1321 681 1355 et
691 1309 788 1370 aquatio
799 1317 919 1368 acceperat
929 1320 935 1348 :
947 1303 1053 1350 Macrob.
1065 1301 1110 1357 Vl,
1122 1301 1135 1346 5
1148 1316 1182 1362 pr.

140 1379 233 1438 ‘7²5·
242 1380 301 1426 Hinc
308 1379 376 1426 Goth.
385 1381 505 1426 tert-liius
512 1379 709 1445 reloquitur-osque
717 1377 813 1428 Dorvill.
821 1376 905 1441 reliqua
913 1373 1184 1434 etiamllom.comsque

141 1445 222 1493 multi:
231 1449 294 1494 Curta
301 1453 369 1497 etiam
377 1454 457 1498 Servio
463 1453 599 1515 praerupti.
608 1451 668 1500 Male
677 1454 746 1498 etiem
755 1450 830 1497 Ccrda
836 1467 864 1497 eo
871 1449 973 1502 devenit,
979 1444 1185 1492 utCarrltusldeao·

141 1521 249 1578 potamiae
256 1522 347 1568 inierat.
357 1521 451 1570 Gelonos
458 1523 506 1570 duo
515 1525 593 1569 Burro.
603 1547 635 1559 -
644 1525 696 1586 726.
708 1523 888 1569 Tinxerutlloro.
897 1519 1036 1566 Fircmtalii
1041 1519 1185 1564 Pierl'iuxe·

182 1693 307 1762 724715.
321 1696 401 1748 Vides
408 1699 556 1762 manifeste,
567 1695 641 1768 quod
688 1700 782 1751 vicinis
789 1698 925 1748 nominare
933 1691 1091 1765 potuit.Nisi
1099 1700 1188 1740 tamen

145 1787 227 1842 ιιιΡΙιει
239 1773 273 1824 ad
284 1793 323 1826 ¹!-
336 1776 388 1828 686
400 1779 564 1844 monuimus,
576 1795 642 1848 poe·
690 1797 740 1850 pro
752 1776 915 1838 Thracibus,
927 1773 997 1824 ultra
1012 1785 1077 1842 quos
1090 1767 1129 1818 illi
1140 1766 1188 1818 ha·

146 1863 201 1902 tam
215 1857 325 1906 carmini
339 1854 493 1927 dignitatern
507 1871 533 1909 et
548 1860 643 1927 majas·
691 1853 925 1926 hitahant(cf.ad
937 1845 1187 1924 Georg.ll,115),
1222 1856 1223 1859 ’

146 1942 228 1982 tatem
236 1939 509 2003 parareexnominum
516 1939 643 2003 novitate,
694 1936 758 1990 dicti
776 1949 853 1999 sunt,
870 1935 916 2005 qui
937 1934 963 1982 in
980 1929 1088 1981 Antonii
1103 1926 1188 1997 copiis

147 2009 583 2084 velperegrinitata,volvatustate.
593 2017 647 2068 No·
695 2028 779 2069 erant.
791 2016 931 2076 Horatius,
942 2012 987 2080 qui
996 2027 1062 2078 sape
1075 2004 1190 2078 populos

147 2089 256 2141 madum
265 2109 347 2164 genus
358 2103 384 2144 et
398 2093 484 2163 Afros.
501 2096 564 2146 lirat
576 2095 646 2146 enim
694 2095 824 2150 barbaros
840 2092 910 2143 ultra
925 2087 1078 2140 Danubium
1090 2101 1191 2136 memo-

148 2171 176 2220 in
193 2170 301 2222 Antonii
312 2173 432 2243 partibus
445 2191 544 2246 magna,
552 2175 647 2224 Africae
696 2186 753 2240 rat,
766 2170 846 2222 modo
858 2167 991 2230 Gelonos,
1005 2162 1086 2215 modo
1098 2162 1192 2224 Getas,

149 2271 212 2325 para
229 2273 244 2304 a
263 2253 370 2326 Cyrenis
389 2275 473 2328 usque
492 2257 526 2309 ad
545 2256 648 2308 AEthio-
696 2250 776 2303 modo
789 2249 920 2302 Sarmatas
932 2256 978 2297 aut
990 2240 1194 2314 Scythasnomi·

151 2334 650 2406 piam,atinterfuitAntoniicopiislio·
696 2343 751 2382 nat.

151 2412 234 2484 gades
246 2415 417 2468 Mauretania
433 2437 495 2469 rex:
513 2413 646 2468 Plutarch.
733 2405 950 2479 palaephatus
962 2403 1078 2473 ibatjom
1089 2397 1199 2451 mollior

152 2495 249 2546 Ancon.
261 2515 286 2565 p.
300 2496 351 2566 944
360 2499 386 2548 Β.
396 2498 493 2564 nioi,
505 2498 530 2549 6.
539 2497 649 2549 discinc-
697 2488 773 2540 undis
785 2487 813 2538 h.
830 2485 933 2538 leniore
950 2499 1044 2545 amna,
1062 2492 1092 2531 ut
1109 2477 1196 2529 domi-

153 2583 190 2626 tos
201 2573 292 2644 Afiau
303 2577 441 2630 mollitiem
454 2577 591 2630 hominum
604 2594 649 2629 ar·
697 2581 753 2620 tum
766 2585 793 2620 se
807 2585 837 2619 ac
855 2565 1041 2636 subjugatum,
1058 2559 1083 2611 h.
1102 2579 1125 2611 e.
1143 2575 1195 2628 po-

153 2655 209 2724 gnit
228 2667 299 2707 vesta
318 2655 377 2709 laxa
395 2671 421 2709 et
439 2657 543 2709 fluente.
567 2657 608 2706 An
626 2655 649 2706 is
697 2647 776 2720 pulos
789 2645 893 2698 accolas
905 2646 989 2694 victos
1006 2651 1032 2693 et
1048 2639 1197 2708 subjectos,

153 2735 277 2804 proprius
294 2735 418 2789 Afrorum
434 2735 540 2789 habitus
554 2737 650 2800 interit,
698 2725 866 2800 significaret.
882 2724 927 2776 Uti
950 2716 1053 2771 mollita
1072 2717 1198 2768 dicuntur

155 2811 262 2864 aliunde
270 2815 430 2885 ignoramus.
439 2814 555 2888 Lelegas,
566 2817 652 2866 caras-
700 2820 725 2859 et
738 2805 811 2872 alibi,
818 2821 875 2875 quae
884 2803 955 2852 victa
965 2817 995 2850 ac
1006 2809 1117 2848 contusa
1127 2813 1199 2846 coer-

154 2908 216 2960 ⁴1¹⁴ss
224 2905 253 2941 ut
261 2895 534 2946 nominnmvetustate
542 2892 652 2944 carmini
701 2887 805 2954 citaque
827 2893 895 2933 sunt.
918 2877 961 2929 sic
980 2871 1072 2925 molles
1089 2871 1198 2936 animi,

158 2967 311 3038 dignitatem
320 2983 440 3040 pararet,
450 2973 539 3042 posuit
546 2989 595 3041 pro
604 2987 654 3040 po-
701 2959 795 3012 mollio
807 2959 891 3012 corda.
906 2957 1005 3006 Notum
1016 2963 1103 3002 autem
1115 2949 1156 3002 vel
1168 2967 1199 3000 ex

156 3046 236 3117 pulis,
244 3060 269 3098 at
278 3049 382 3121 regibus
389 3052 497 3101 minoris
504 3051 579 3112 Asiae,
586 3065 653 3119 quos
703 3041 812 3092 lloratio
825 3061 831 3089 ι
845 3035 1007 3102 Medumque
1016 3029 1124 3105 flumen
1136 3047 1202 3100 qen-

158 3141 325 3180 enumeratos
348 3128 421 3180 vides
454 3128 526 3200 apud
551 3128 654 3179 Plutar-
703 3119 771 3170 tibus
785 3109 996 3169 additum'victis
1016 3108 1128 3159 minores
1146 3106 1203 3158 uol-

158 3202 236 3255 chum
249 3204 266 3255 l.
282 3225 304 3257 c.
319 3208 346 3257 ll.
360 3207 481 3280 leleges,
494 3205 526 3258 de
540 3224 653 3278 quorum
703 3217 761 3249 vere
774 3196 894 3248 vertices:
910 3191 960 3243 etsi
971 3187 1023 3240 hoa
1039 3185 1073 3238 ad
1089 3188 1202 3238 seriores

158 3281 264 3334 sedibus
275 3284 369 3336 Strabo
379 3286 425 3338 lih.
439 3287 498 3338 Xlll
507 3285 587 3337 multa
601 3285 655 3336 dis·
704 3293 787 3328 annos
799 3284 909 3345 spectat.
920 3267 1020 3338 Magno
1032 3281 1095 3315 vero
1108 3265 1203 3334 spiritu

158 3375 243 3431 putat,
253 3383 312 3415 cum
322 3365 513 3418 Carihnsoram
522 3367 589 3416 Asia
601 3382 656 3416 ma·
703 3357 758 3409 herc
772 3356 856 3418 dicta,
877 3363 902 3401 at
920 3349 947 3400 in
965 3349 1049 3414 majus
1063 3356 1141 3394 aucta
1154 3360 1207 3393 am·

159 3444 272 3495 ritimarn
290 3459 444 3511 tenuerant,
462 3459 604 3515 antequam
621 3443 654 3495 ab
703 3420 1207 3508 plilicataquesunt.Adversusl‘arthos

160 3522 267 3574 ionibus
281 3526 358 3594 ejecti
376 3525 410 3578 ad
427 3525 553 3577 interiora
570 3539 655 3575 reces-
705 3517 776 3570 enim
786 3515 832 3566 illo
844 3527 916 3562 anno
930 3505 998 3558 nihil
1009 3501 1083 3555 aliud
1095 3519 1144 3552 ner
1153 3517 1210 3551 sus·

160 3615 258 3652 serunt.
268 3601 307 3654 De
318 3603 374 3668 his,
387 3623 436 3656 nec
449 3603 481 3656 de
495 3603 569 3668 aliis,
581 3601 656 3654 ιρις.
706 3608 827 3670 ceptum,
838 3611 889 3644 nec
900 3599 1006 3661 gestum
1015 3621 1023 3650 ,
1032 3595 1210 3673 preterquam

161 3679 237 3752 gibus
245 3679 272 3731 h.
283 3681 300 3732 l.
310 3683 402 3753 agitur.
413 3685 521 3734 Frustra
530 3680 563 3734 ad
571 3681 656 3733 Dacos
708 3675 781 3749 quod
793 3675 947 3744 Augustus,
957 3665 1070 3754 Egypto
1083 3673 1215 3750 inpotes-

162 3773 188 3811 et
200 3763 339 3814 Bastarnas
352 3780 449 3815 nomen
466 3775 574 3815 revocat
585 3761 659 3814 Mas·
707 3770 789 3810 tatem
799 3773 826 3825 p.
837 3753 867 3802 ll.
879 3743 1010 3802 redacta,
1023 3761 1049 3792 ¹¹¹
1061 3739 1164 3810 Syriam
1176 3757 1217 3788 1⁸0·

164 3858 242 3892 sonas
253 3843 354 3894 inJuno
366 3841 659 3918 resemtosectlttcs,
709 3853 801 3890 vorsus
819 3828 983 3884 Parthorum
1002 3823 1106 3892 legatos
1127 3817 1218 3908 audiit.

165 3919 290 3971 adversus
307 3941 373 3992 quos
387 3924 422 3974 M.
439 3921 548 3974 Crassus
560 3921 660 3974 bellum
711 3917 784 3970 coni.
797 3913 896 3980 Georg.
908 3907 948 3966 ll,
965 3895 1222 3971 170.lV,f.Sivero

165 4000 253 4069 gessit.
262 4000 371 4054 Meliore
378 4005 437 4072 jure
446 3989 480 4055 ad
487 4001 586 4053 bellum
595 4001 661 4054 illud
711 3997 786 4060 hac,
799 4009 858 4062 qum
876 3994 1028 4055 sequuntur
1040 3997 1065 4067 v:
1080 3977 1145 4046 7all.
1165 3990 1224 4042 7²7·

165 4079 263 4131 referas
282 4079 410 4149 Gelonos,
431 4099 497 4153 quos
516 4100 565 4154 pro
581 4083 660 4136 Dacis
713 4075 786 4146 728,
811 4067 847 4122 ad
866 4059 1036 4132 triumphum
1056 4053 1137 4107 illum
1157 4064 1229 4102 rocio
