3028 4682
429 355 691 424 anninus
715 355 867 424 arnna
889 357 952 426 vr.
1159 385 1224 455 209

77 569 83 578 ·
185 477 330 545 Hieram
343 482 537 560 Romanam,
551 504 671 570 magno
683 481 835 546 turbante
848 484 1005 564 tumultu,

184 587 295 666 Sistet,
310 609 411 676 eques
423 601 547 652 sternet
558 590 689 666 Poenos,
705 585 903 678 Gallumque
915 587 1086 672 rebellem,

184 693 364 782 Tertiaque
375 715 464 756 arma
476 692 560 780 patri
572 691 753 781 suspendet
764 711 857 781 capta
869 694 1017 776 Quirino.
1030 723 1045 752 a
1178 711 1224 760 to·

229 801 337 886 Atque
349 797 403 862 bic
415 801 546 879 AEneast
559 822 625 864 una
636 821 779 888 namque
792 799 839 863 ire
851 798 984 864 videbat

185 904 361 991 Egregium
374 904 478 968 forma
487 905 659 994 juvenem,
674 921 707 968 et
718 903 920 992 fulgentibus
931 906 1046 985 armis;

183 1009 249 1074 Sed
262 1012 353 1074 frons
364 1011 437 1076 laeta
449 1035 579 1099 parum,
594 1027 627 1074 et
639 1009 768 1100 dejecto
780 1011 905 1076 lumina
917 1012 1008 1076 voltu
1021 1035 1028 1074 ι

193 1145 205 1174 ιι
218 1118 313 1200 Quis,
325 1133 433 1205 pater,
447 1117 517 1196 ille,
530 1119 638 1180 virum
651 1117 708 1205 qui
719 1118 767 1182 sic
780 1117 955 1181 comitatur
966 1119 1120 1182 euntem?

1041 1209 1051 1258 l

186 1309 217 1320 -
226 1285 279 1346 859.
291 1283 335 1330 Alii
345 1285 490 1346 distinguunt
499 1295 552 1345 port
560 1283 627 1330 Sistet
638 1298 720 1348 eques,·
731 1282 766 1329 nil
777 1284 857 1330 refert.
868 1287 931 1350 equis
940 1286 1019 1340 Rom,
1035 1285 1100 1349 quod
1107 1285 1167 1335 male
1174 1306 1226 1352 pro·

186 1355 226 1400 bnt
246 1356 335 1402 Pieriae
344 1373 352 1412 ς
370 1368 404 1402 ert
423 1358 484 1402 enim
500 1354 594 1418 vulgare
606 1371 649 1418 pro
661 1354 734 1401 altero
746 1359 846 1418 poetico.
859 1381 887 1392 -
897 1355 950 1402 too.
971 1360 1053 1402 Tristia
1073 1358 1138 1404 Rom.
1154 1366 1227 1422 patrm

186 1427 267 1490 fragm.
280 1427 354 1474 varic.
366 1443 416 1474 am.
427 1407 693 1491 peluspemtemrnnc.
704 1436 769 1491 rupto
780 1427 880 1474 malebat
891 1428 1021 1474 Markland.
1035 1427 1129 1475 adstat.
1139 1447 1163 1494 p.
1174 1447 1226 1495 277,

188 1511 214 1542 ut
223 1499 271 1560 jam
281 1498 420 1544 Passeratius
430 1497 493 1560 apud
506 1495 640 1552 Gucllium;
652 1499 684 1542 sic
695 1498 736 1542 Ge.
746 1498 789 1552 lll,
800 1497 838 1543 3².
850 1497 896 1543 Sed
910 1513 954 1544 nec
965 1501 1042 1544 minua
1053 1497 1151 1544 alterum
1165 1500 1227 1548 bene

186 1567 282 1615 dictum.
290 1593 320 1604 -
330 1569 382 1616 862.
394 1567 617 1635 Eqmqiamformom
626 1569 706 1630 fragm.
715 1571 789 1614 Vatic.
798 1603 805 1624 ,
815 1568 878 1615 felici
886 1569 959 1631 laptu.
972 1579 994 1614 et
1003 1571 1068 1616 deett
1078 1570 1138 1617 binit
1148 1573 1225 1622 burm.

185 1663 217 1674 -
231 1639 283 1754 8644.
289 1639 360 1754 freq}
371 1639 452 1702 fragm.
470 1639 570 1686 Vatica
585 1655 621 1702 pr·
636 1655 667 1686 m.
684 1640 706 1686 d.
718 1637 800 1690 lumt'm
810 1637 886 1686 vultus
904 1655 950 1688 tec.
965 1641 1050 1686 Monet.
1071 1637 1153 1688 lumrite
1162 1640 1227 1689 velut

186 1719 240 1755 tert.
279 1722 344 1755 otten
363 1744 368 1754 .

186 1844 276 1896 omnia
294 1853 382 1896 tamen
403 1856 492 1896 manet
507 1843 577 1910 boc,
597 1845 683 1916 spolia
731 1845 833 1898 Velleio
845 1847 882 1910 ll,
900 1847 947 1918 933
967 1859 991 1898 et
1005 1845 1103 1899 Seneca
1119 1845 1226 1899 Consol.

185 1927 276 1995 opima
300 1925 327 1974 in
356 1922 449 1974 eodem
475 1925 547 1975 lovis
574 1923 684 1976 Feretrii
732 1924 767 1976 ad
777 1923 1228 1996 Marciamc.a.fronsloetaparum,

185 2002 286 2074 templo
292 2003 373 2052 fuisse
380 2004 631 2075 repositn.Propert.
638 2004 683 2062 Ill,
732 2023 809 2058 omen
822 2006 914 2056 mortis
929 2007 1082 2057 immaturae.
1095 2006 1229 2058 Volabant

157 2134 161 2140 ,
189 2101 221 2135 ιο
239 2084 258 2132 l.
278 2081 357 2132 Nunc
373 2081 456 2150 spolia
470 2081 498 2130 in
518 2079 612 2148 teurplo
633 2081 683 2130 tria
732 2095 820 2135 tamen
832 2085 882 2134 viri
894 2083 967 2136 docti
980 2087 1095 2138 frontem
1108 2085 1230 2138 Marcelli

183 2159 296 2213 condita.
307 2159 454 2210 Nobilitate
464 2176 570 2228 quoqne
581 2171 621 2212 est
631 2177 683 2210 me-
731 2165 832 2215 tn'stem
845 2181 988 2234 agnoscere
1005 2167 1032 2215 in
1050 2169 1154 2237 gemma
1166 2167 1230 2217 arti-

184 2241 273 2292 moria
306 2237 426 2288 Marcelli
458 2237 568 2289 denario
597 2239 682 2310 gentis
731 2240 787 2294 ficis
799 2243 974 2315 Epitynchani
984 2247 1090 2298 nomine
1097 2264 1146 2317 per
1156 2247 1230 2298 fmu.

184 2317 313 2384 Claudia,
324 2319 351 2369 in
364 2336 418 2389 quo
429 2318 556 2388 templum
568 2330 683 2388 quatuor
733 2320 808 2386 dem,
833 2322 906 2394 quod
934 2326 1069 2395 suspicor,
1102 2326 1231 2398 inscripta

185 2401 318 2456 columnis
335 2401 362 2450 in
377 2401 464 2451 fronte
486 2411 609 2450 ornatum
627 2400 683 2470 ipse
733 2401 806 2474 apud
818 2403 905 2452 Ursin.
924 2404 1023 2476 lmagg.
1041 2423 1067 2455 n.
1083 2405 1130 2473 87,
1144 2405 1191 2456 nbi
1203 2424 1228 2456 v.

183 2480 335 2552 ingreditur
350 2492 480 2549 tropeum
499 2491 614 2550 gestans.
642 2489 684 2530 tu·
732 2480 1231 2552 Jo.FabriComment.,adcujussimi-

182 2559 270 2612 multu
277 2571 364 2632 potest
378 2559 486 2629 proprie
498 2557 597 2608 dictum
612 2556 685 2610 vide·
732 2559 872 2612 litudinem
892 2560 981 2632 plures
996 2578 1112 2634 gemmas
1130 2564 1230 2634 passim

182 2645 222 2706 ri,
233 2641 385 2692 imminente
397 2637 469 2690 bello
480 2636 583 2690 Gallico
595 2639 621 2688 in
633 2639 684 2690 lta·
732 2640 760 2690 in
777 2639 848 2692 idern
860 2658 957 2694 nomen
969 2642 1135 2712 interpretati
1151 2655 1228 2694 sunta

182 2722 229 2775 lin.
247 2718 300 2772 vid.
321 2719 374 2772 Cir.
389 2717 454 2770 Phil.
470 2718 545 2782 Vlll,
567 2735 587 2768 ι.
610 2716 680 2770 Serv.
733 2731 785 2773 tres
798 2719 870 2793 apud
886 2721 1003 2794 lippert.
1016 2721 1117 2794 Dactyl.
1137 2734 1164 2774 et
1180 2722 1231 2774 Ca·

182 2803 232 2853 inf.
251 2799 285 2852 ad
301 2801 360 2851 vul
369 2836 378 2864 ,
398 2799 422 2865 4.
441 2813 514 2870 eques
528 2815 553 2848 v.
574 2797 633 2866 859.
651 2815 682 2850 ex
731 2801 789 2871 pita
801 2803 912 2871 Augusti
926 2814 952 2853 et
964 2801 1083 2874 Marcelli
1093 2803 1185 2872 jugata
1203 2815 1231 2852 et

182 2883 292 2953 poetico
305 2897 426 2932 sermone
439 2876 474 2930 nd
485 2879 612 2947 majorem
625 2877 684 2950 dig·
732 2878 819 2931 relata
838 2881 994 2932 Ficoronius
1013 2879 1096 2932 edidit
1112 2879 1159 2949 (V
1156 2879 1233 2951 ettiqi

183 2963 295 3012 nitatem
309 2977 377 3028 pro,
396 2957 526 3021 bellator,
545 2956 606 3008 dux.
630 2957 683 3009 Oc·
733 2955 761 3008 di
782 2958 866 3008 Roma
881 2959 984 3020 antica,
1004 2959 1038 3010 ad
1054 2977 1115 3029 pag.
1144 2958 1191 3024 145
1208 2957 1227 3026 )

184 3040 269 3092 currit
287 3050 313 3088 et
332 3036 403 3088 alibi.
732 3036 923 3090 Auctoritatem
934 3049 1022 3088 tamen
1034 3036 1159 3088 idoneam
1171 3035 1229 3086 ubi-

221 3117 269 3170 861
284 3117 390 3183 -867,
418 3115 596 3166 Imitationem
622 3114 683 3166 ride
734 3115 930 3184 quedesidero.
945 3114 1230 3187 Deprehenderequo·

184 3195 258 3269 apud
272 3194 363 3246 Silium
375 3193 449 3257 xm,
468 3193 625 3264 778,seqq.,
636 3193 683 3244 ubi
733 3209 784 3260 que
805 3195 960 3248 Marcellum
978 3195 1029 3246 eibi
1045 3195 1094 3245 visi
1108 3205 1169 3245 tunt
1180 3194 1231 3244 riri

183 3277 234 3329 de·
254 3274 362 3326 Homeri
392 3269 494 3323 umbra.
528 3269 684 3341 Comparari
734 3269 806 3323 docti
828 3273 856 3323 in
871 3272 1142 3337 AcbateTiberiana,
1159 3283 1186 3324 et
1200 3273 1229 3322 in

184 3373 294 3427 quoque
321 3364 410 3424 potest
437 3366 562 3402 recensus
592 3349 683 3402 similia
733 3349 1229 3423 numoSeguini,etiamaSpnnbemio

184 3435 260 3506 apud
282 3433 372 3504 Enrip.
396 3431 524 3483 Pboenisa.
552 3445 601 3480 tao
623 3447 682 3501 sqq.
733 3431 846 3500 repetito
858 3429 891 3482 de
902 3433 957 3482 Usu
968 3433 1096 3482 Narniam.
1109 3432 1186 3481 Tem.
1195 3431 1230 3496 11,

188 3515 237 3583 147
252 3532 290 3584 sq.
312 3511 420 3564 Summa
439 3508 533 3582 populi
545 3510 575 3560 ll.
592 3507 626 3562 de
646 3510 682 3560 M.
733 3529 760 3582 p.
774 3510 839 3576 316,
852 3512 879 3562 in
899 3529 952 3581 qno
964 3525 1053 3563 tamen
1065 3522 1145 3581 caput
1153 3513 1230 3580 jure·

182 3593 319 3660 Marcelli,
332 3593 684 3664 Angustoexeororenepc·
733 3590 787 3642 nile
816 3590 889 3642 nullo
920 3609 980 3642 curn
1005 3602 1160 3661 argumento
1194 3588 1230 3642 ad

184 3677 234 3739 tis,
246 3672 388 3725 virtutibus
396 3683 519 3742 suscepta
528 3683 585 3722 erat
593 3689 684 3741 cxpee·
732 3669 889 3723 Marcellum
906 3669 975 3721 trahi
993 3668 1093 3720 dudum
1114 3669 1229 3722 docuere

184 3757 262 3806 tatio.
274 3753 328 3804 vid.
346 3751 481 3804 Dio'Caas.
494 3752 523 3801 L.
538 3752 586 3816 lll,
606 3749 641 3803 30
656 3763 683 3802 et
733 3749 910 3813 viridoeti,et
917 3767 1003 3820 nuper
1011 3747 1227 3801 monuitEcltbel.

183 3835 249 3885 vira
260 3833 364 3905 Virgilii
380 3829 412 3883 ad
426 3849 449 3882 a.
464 3831 523 3899 731.
539 3829 584 3881 Est
596 3829 682 3893 idem,
732 3829 817 3881 Catal.
834 3829 903 3880 Mna.
923 3827 987 3879 Ces.
1008 3827 1121 3879 vindob.
1141 3830 1167 3878 P.
1190 3829 1227 3889 ll,

184 3914 221 3966 de
239 3931 292 3983 quo
307 3913 448 3964 Horatius:
470 3909 563 3962 Crescit
583 3906 683 3960 occulto
733 3929 759 3981 p.
772 3909 813 3978 47.
826 3922 852 3961 et
864 3927 934 3960 nnnc
944 3908 998 3958 dno
1007 3927 1101 3960 numos
1108 3907 1228 3961 Marcelli
1331 3945 1334 3952 .

185 3991 261 4045 uelut
281 3993 359 4044 arbor
375 4009 429 4044 oevo
446 3991 528 4042 Fama
551 3986 682 4040 Marcelli.
734 3987 948 4059 capntprreferrc
958 3986 1043 4038 dictos
1055 3989 1145 4059 palam
1157 3987 1230 4040 dam-

184 4074 280 4146 Elugia
299 4073 351 4127 alia
370 4075 488 4144 lnterpp.
511 4079 637 4122 notarunt
652 4085 684 4120 ex
733 4067 805 4120 navit
822 4067 849 4118 iu
867 4065 950 4117 Notit.
968 4065 1078 4118 Nnmor.
1100 4079 1149 4121 vet.
1169 4065 1229 4118 Vol.

258 4161 284 4214 a.
1022 4154 1054 4224 ¹4
