3022 4682
457 413 691 479 AENElDOS
714 414 867 478 LIBER
890 415 951 480 Vl.
1165 421 1222 488 163

189 535 381 603 Panduntur
392 555 505 628 portae.
523 569 536 596 ιι
551 539 680 619 Geraia,
695 537 844 604 custodia
856 539 961 630 qualis

189 647 359 711 Vestibulo
372 646 502 712 sedeat?
513 649 611 713 facies
625 669 697 736 quae
710 647 822 711 limina
834 651 962 713 servet?
1182 668 1224 730 575

187 751 431 841 Quinquaginta
442 753 519 818 atris
531 753 670 816 inmanis
684 751 825 817 hiatibus
840 752 951 841 Hydra

187 857 310 922 Saevior
322 859 409 923 intus
422 857 521 927 habet
533 857 656 923 sedem.
670 859 758 922 Tum
770 859 925 923 Tartarus
938 859 1008 947 ipse
1097 872 1100 878 ’

188 964 241 1029 Bis
252 980 342 1053 patet
354 966 386 1028 in
401 987 546 1052 praecepa
559 981 701 1042 tautum,
715 961 889 1052 tenditque
901 963 962 1028 sub
975 965 1122 1045 umbras,

187 1070 335 1152 Quantus
347 1069 388 1134 ad
402 1070 574 1136 aetherium
586 1069 657 1136 caeli
669 1086 840 1156 suspectus
852 1069 1038 1158 Olympum.

190 1176 251 1240 llic
263 1197 366 1262 genus
378 1177 551 1263 antiquum
564 1176 690 1254 Terrae,
704 1175 834 1240 Titania
846 1174 965 1262 pubes,
1184 1189 1228 1238 tto

188 1321 244 1352 eeroe
254 1307 279 1351 Ρ.
291 1317 362 1370 por-tre
374 1322 420 1354 teo.
431 1307 541 1354 llottcnd.
551 1307 643 1369 -575Ι
656 1319 707 1370 qua
722 1315 745 1352 et
759 1323 796 1370 pr.
813 1307 923 1354 ttomnd.
937 1319 960 1354 et
975 1307 1064 1354 Zalich.
1077 1325 1088 1354 a
1104 1325 1136 1354 m.
1150 1325 1185 1370 pr.
1197 1333 1229 1346 ·-

190 1377 242 1439 ⁵78.
255 1377 296 1424 suh
305 1393 374 1424 auras
386 1378 455 1424 Goth.
469 1392 521 1424 terr.
531 1405 563 1414 -
575 1381 627 1440 579.
639 1377 719 1424 colum
729 1379 835 1442 Fulgent.
847 1378 875 1426 de
883 1381 1016 1426 Continent.
1027 1379 1122 1440 virgil,
1136 1379 1230 1425 mendo-

188 1466 227 1506 ιι,
240 1465 349 1498 monente
362 1451 464 1498 Heinei'o.
479 1452 543 1498 ldem
562 1453 587 1496 P.
599 1453 666 1498 Periti
679 1451 746 1497 Obie.
766 1454 829 1497 misc.
843 1453 886 1506 ln,
901 1451 1110 1498 aemendationem
1131 1465 1207 1497 narrar
1221 1467 1227 1496 :

190 1523 293 1581 Quotus
302 1525 333 1570 cul
344 1523 459 1570 odierium
471 1537 532 1572 terra
542 1532 659 1586 suspectus
669 1522 802 1586 Olympum,
814 1535 840 1570 ut
852 1522 909 1570 Coelr'
918 1525 1037 1584 rejiciatur
1044 1525 1104 1573 infra
1115 1526 1139 1570 in
1152 1541 1173 1570 v.
1185 1523 1230 1572 5³0

189 1593 299 1640 inlocum
309 1593 352 1642 ‘rori
366 1598 450 1641 Terroe.
458 1595 503 1642 Sed
516 1613 537 1640 v.
551 1596 604 1641 Not.
617 1595 740 1656 Vulgarum
752 1595 851 1642 adstruit
863 1597 956 1652 Heium,
969 1597 1052 1650 Nouii,
1065 1597 1136 1642 Prisc.
1148 1610 1170 1642 et
1180 1597 1232 1640 lda-

186 1663 260 1709 crobii
268 1667 407 1711 auctoritare.
416 1663 537 1711 attinnt.
546 1666 585 1719 tv,
595 1681 613 1720 r,
623 1664 661 1710 131
672 1663 730 1710 nihil
741 1665 770 1712 ad
778 1680 826 1711 rem
832 1666 895 1712 lacit.
904 1668 1048 1712 Burmannus
1054 1681 1106 1726 pou
1113 1667 1229 1722 Ursinum,

186 1733 319 1781 Lucretium
330 1737 369 1792 tv,
385 1735 438 1793 418.
454 1734 506 1797 519.
521 1737 650 1782 imitatione
663 1751 796 1797 caprearum
808 1749 894 1781 monet.
908 1735 992 1782 Saltem
1009 1737 1138 1784 similitudo
1150 1736 1228 1800 alique

187 1807 329 1854 intercedit:
341 1825 406 1872 uquae
417 1809 564 1855 collectio-
577 1809 710 1870 Despectam
721 1807 807 1870 prebet
816 1808 858 1854 auh
872 1819 941 1854 tenus
958 1812 1037 1872 impeto
1047 1820 1121 1866 muto,
1131 1811 1153 1856 A
1167 1813 1231 1856 terrie

187 1878 356 1939 qrmummcoeh'
364 1889 427 1941 potet
436 1877 497 1926 altus
506 1878 587 1924 hatur.
598 1879 646 1926 Alia
656 1879 786 1926 similitudo
795 1893 829 1926 cat
840 1882 923 1941 Georq.
935 1883 970 1936 ll,
981 1897 1021 1943 ²9¹
1033 1881 1231 1946 AEeculua-quoe

187 1955 297 2012 quantum
309 1953 389 1995 vertum
400 1951 432 1996 od
441 1966 510 1996 auras
522 1948 648 2004 AEdnerins,
662 1958 749 1997 tautum
760 1951 834 1996 radice
845 1951 876 1994 ad
887 1952 983 1996 Tartara
994 1951 1068 1996 tondit.
1079 1975 1109 1987 -
1119 1951 1170 1998 580.
1177 1967 1232 2012 pro·

187 2067 245 2113 res,
256 2053 386 2103 rationem
399 2053 532 2128 vulgarem
546 2073 599 2104 non
610 2054 686 2105 satis·
734 2055 871 2105 recensita.
880 2053 1048 2105 JamServius
1058 2054 1159 2104 monuit
1169 2051 1230 2104 hoo.

187 2126 277 2180 facere
291 2134 394 2184 sentiet.
407 2134 493 2204 Pergit
506 2151 612 2203 quoquo
627 2151 686 2182 nar·
734 2131 878 2202 Expeditur
888 2135 973 2184 varie:
985 2131 1106 2202 equidem
1119 2131 1232 2202 hydram

187 2225 247 2262 rare
264 2211 362 2284 Sibylla
379 2212 412 2264 de
429 2231 465 2264 ae.
483 2212 535 2266 Sed
550 2213 601 2266 alia
613 2213 686 2262 ince-
733 2229 788 2262 uon
800 2209 833 2262 de
848 2229 902 2264 uua
912 2211 958 2262 illa
971 2211 1005 2262 ab
1020 2211 1132 2262 Hercule
1146 2210 1233 2261 domi-

188 2289 306 2344 dencluar
320 2306 359 2344 ert
374 2296 426 2345 via.
437 2293 582 2362 Tisiphone
597 2303 685 2344 servat
734 2303 777 2352 ta,
796 2290 843 2342 aed
866 2291 1020 2360 simpliciter
1040 2309 1090 2360 pro
1109 2302 1232 2361 serpente

187 2371 357 2434 vestibulum,
366 2372 466 2424 aditum
476 2373 582 2424 Tartari
591 2389 615 2421 v.
625 2367 684 2422 555.
734 2384 884 2422 monstroso
903 2371 1001 2423 dictam
1013 2372 1163 2441 accipio-
1172 2369 1232 2440 577.

187 2448 225 2500 Ea
243 2449 373 2504 damnatis
387 2471 401 2504 a
414 2449 620 2504 Rhadamantho
636 2461 687 2499 eta·
735 2449 793 2520 578.
809 2449 868 2520 579.
880 2467 910 2502 ex
922 2449 997 2502 lliad.
1006 2450 1036 2514 ὃ,
1049 2451 1113 2502 16et
1122 2445 1230 2501 Hesiod.

188 2531 236 2580 tim
252 2549 345 2584 manua
360 2533 457 2602 injicit,
480 2543 507 2582 et
528 2529 562 2581 ad
581 2529 686 2580 Tartari
734 2531 763 2579 θ.
779 2545 829 2598 7²⁰
848 2545 907 2599 sqq.
925 2529 996 2580 conf.
1016 2527 1080 2580 ibid.
1103 2529 1154 2598 740
1171 2545 1230 2598 sqq.

186 2623 310 2678 portam,
321 2631 378 2682 quoe
392 2631 496 2682 semper
508 2609 598 2662 clausa
606 2607 686 2660 hahe-
735 2607 1013 2670 notissimislocis;red
1024 2609 1050 2658 in
1061 2610 1144 2676 majus
1154 2619 1232 2658 aucta

189 2702 239 2754 tur,
252 2709 297 2742 eor
310 2695 376 2764 agit,
386 2691 502 2762 (ciperon
514 2687 568 2756 apic
577 2685 687 2754 'nyctim
734 2707 771 2740 re.
785 2687 843 2740 caeh'
848 2700 992 2762 suspectus,
1002 2687 1030 2740 h.
1042 2707 1064 2740 e.
1076 2701 1233 2760 prospectus

188 2769 224 2820 ὁπ’
243 2768 329 2840 Ἐμξος
347 2769 387 2824 uei
405 2768 465 2826 xire
483 2765 529 2822 tul
548 2763 685 2836 rapient,
735 2787 783 2838 per
793 2788 879 2820 aerem
888 2767 968 2838 (mule
979 2769 1167 2838 enimjunquut
1175 2767 1233 2818 ciali

188 2865 249 2902 suut
265 2853 346 2904 verba
360 2853 475 2906 Socratis
488 2853 514 2901 in
532 2847 685 2918 Axiocho),
737 2845 909 2920 Olympum),
923 2868 938 2898 a
952 2861 1023 2900 terra
1034 2851 1070 2898 ud
1079 2846 1234 2917 Olympum,

188 2930 365 3000 inclamatque
378 2929 568 2981 sororea.Tum
579 2927 686 2979 demum
735 2927 771 2977 ad
785 2926 878 2978 culum
887 2949 895 2988 ,·
914 2947 975 2980 nam
995 2946 1025 2980 er
1046 2927 1157 2978 Tartaro
1173 2943 1235 2996 pro·

188 3005 685 3080 (v.573)aperiturporta.Videatuue
736 3019 842 3076 spectus
871 3005 905 3058 ad
930 3007 1022 3058 oaelum
1046 3024 1103 3058 esse
1126 3007 1232 3074 nequit;

189 3103 260 3136 nuno
281 3087 393 3158 singula.
419 3087 523 3148 Cernis,
544 3088 629 3154 Pergit
648 3085 688 3136 si·
737 3088 836 3156 quippe
847 3101 927 3156 quum
942 3088 1027 3138 infera
1041 3086 1100 3137 loca
1112 3087 1164 3136 sint
1183 3083 1233 3134 auh

190 3163 271 3236 bylla,
284 3167 398 3216 custodia
408 3163 508 3237 qualis,
520 3183 576 3234 quae
588 3175 687 3224 custos,
737 3178 822 3230 terra,
838 3179 864 3217 et
874 3167 966 3218 subter
978 3169 1009 3218 iis
1025 3165 1130 3217 demum
1140 3165 1235 3216 Tarta-

190 3245 246 3296 icit.
260 3243 421 3314 Tisiphone,
436 3240 576 3306 vestibulo,
587 3241 621 3294 ad
634 3241 689 3292 adi·
737 3262 781 3296 rua
803 3245 942 3316 depressus
956 3249 1052 3316 jaceat.
1069 3246 1141 3296 Talis
1155 3245 1234 3296 etiam

191 3321 688 3395 tum,sedeut5saciesquoelimiuoter·
736 3321 862 3375 Tartarus
881 3324 930 3376 tub
944 3323 1018 3376 Hade
1036 3323 1107 3394 apud
1125 3321 1232 3373 Homer.

192 3415 249 3465 uet,·
272 3422 333 3455 uam
362 3405 447 3466 intus,
471 3407 541 3454 intra
566 3413 688 3472 portam,
737 3402 1232 3474 Iliad.5,r3sqqchlortinusDiss.

190 3483 367 3538 eoeviorfaciee
377 3523 384 3550 ,
395 3485 497 3558 llydra,
509 3481 597 3534 aedem
608 3480 689 3532 habet
737 3481 786 3542 Vl,
800 3501 825 3552 p.
839 3482 889 3548 aad
899 3500 957 3552 sqq.
966 3484 1070 3534 Tartari
1082 3484 1176 3552 igitur,
1188 3481 1234 3552 qui

192 3577 242 3617 etc.
260 3566 320 3616 Haec
336 3563 409 3617 haud
428 3565 508 3616 dubie
527 3580 591 3615 vera
609 3563 687 3612 ratio.
738 3560 787 3612 sub
800 3560 891 3624 Hade,
905 3563 980 3631 isque
995 3559 1044 3611 suli
1062 3573 1132 3612 terra
1145 3574 1199 3624 est,
1211 3561 1234 3610 ti

191 3643 269 3697 Nunc
281 3663 305 3692 v.
317 3643 367 3712 574
379 3643 492 3694 custodio
504 3644 613 3712 quasit,
625 3644 688 3692 satia
738 3659 797 3690 eum
811 3643 943 3711 ingressus
954 3641 1044 3702 fuerit,
1056 3651 1129 3691 tanta
1138 3642 1164 3690 in
1175 3657 1235 3710 pro·

192 3721 344 3792 expeditum
355 3735 401 3772 eet.
417 3721 520 3784 Servius
533 3723 688 3792 Megaram,
737 3717 849 3770 fundum
866 3732 905 3770 est
923 3716 1052 3780 altitudo,
1070 3731 1098 3770 ut
1120 3719 1234 3788 spatium

194 3801 239 3852 alii
253 3798 385 3871 Hydram,
399 3797 442 3848 alii
455 3799 530 3850 alitor
543 3802 687 3870 accipiunt.
738 3815 793 3868 cyna
804 3798 837 3847 ait
850 3797 890 3848 bis
899 3809 1014 3858 tautum,
1028 3808 1155 3866 quantum
1166 3799 1234 3847 inter
1321 3809 1329 3829 ¹

192 3877 243 3930 Sed
254 3891 293 3930 est
301 3879 358 3948 ipsa
369 3876 414 3928 illa
423 3875 582 3948 Tisiphone,
593 3877 625 3928 de
637 3897 689 3949 qua
740 3889 835 3926 terram
848 3887 873 3926 et
889 3875 1047 3945 Olympum,
1061 3889 1203 3946 prospectu
1218 3893 1233 3928 a

193 3957 281 4010 adhuc
300 3960 353 4028 egit
372 3970 501 4030 poeta-
510 3957 569 4026 576.
585 3957 618 4007 ht
630 3958 689 4028 Hy·
738 3969 808 4007 terra
818 3973 866 4026 per
875 3973 961 4006 aerem
972 3956 1051 4006 facto.

193 4038 240 4092 dra
254 4076 263 4102 ‚
287 4039 409 4107 inquies,
435 4039 460 4091 in
483 4035 614 4088 vestibulo
634 4039 689 4089 orci
774 4037 833 4090 580.
846 4035 1169 4107 581.v.110s10d.l'heog.
1185 4052 1232 4104 ¹²9

194 4137 218 4170 v.
243 4119 290 4188 ²87
308 4120 377 4174 inter
396 4131 485 4174 cetera
503 4131 621 4170 mouutra
640 4109 689 4169 fuit
738 4115 1233 4190 5757011011,α,ι.Τίιευαε)κμ·

1016 4219 1055 4255 rt.
