2968 4696
270 297 333 368 360
624 293 890 360 excussus
914 297 951 358 11
1009 270 1012 286 '

267 423 364 472 Iterum
374 432 463 471 tamen
474 415 603 470 variatam
612 421 759 488 reperimus
770 421 964 483 narrationem,
973 435 1055 490 quum
1062 422 1223 474 vaticinium
1231 421 1325 476 modo

267 493 303 550 ad
314 501 464 559 Lavinium,
474 497 553 550 modo
566 496 600 548 sd
609 496 705 550 Albam
713 498 831 570 longam
841 499 935 551 referri
945 499 1081 552 videamus
1089 503 1115 553 in
1126 502 1223 557 iisdem
1231 507 1324 574 scrip-

268 581 379 633 toribus.
396 581 517 632 Obscura
530 596 636 650 quoque
648 592 686 630 cst
699 577 817 630 Maronis
829 580 960 632 sententia
976 578 1023 649 (in
1035 583 1162 634 vaticinio
1181 583 1200 634 l.
1218 602 1244 635 c.
1258 586 1321 648 III,

270 658 321 727 387
333 690 362 700 -
375 661 441 728 393,
456 671 480 710 et
493 661 566 723 VIII,
579 657 611 724 4²
625 675 682 728 sqq.
692 662 715 719 );
728 657 776 710 sed
788 669 920 710 ostentum
936 657 971 710 ad
985 659 1082 712 Albam
1098 661 1219 732 Longam
1238 679 1323 734 spec·

269 747 326 788 tare
338 739 400 788 satis
418 737 514 788 diserte
527 735 659 800 declarat,
673 735 766 788 urbem
783 736 817 788 ab
834 737 916 788 Ense
927 735 1063 789 conditum
1081 757 1138 792 esse
1156 740 1320 801 lavinia-5

269 827 318 866 etsi
332 833 403 868 suem
415 835 448 867 eo
460 816 549 867 statim
561 815 620 865 loco
633 825 748 880 mactat,
761 831 814 884 quo
828 832 860 866 ea
872 815 928 866 visa
939 815 1026 867 fuerat
1038 818 1110 882 VIII,
1121 818 1151 869 81
1160 816 1246 870 -85.

305 893 516 946 commemorata
529 891 584 944 hnc
601 911 617 944 u
629 911 669 944 me
682 905 743 943 sunt
762 895 841 944 etiam
858 906 1014 964 propterea,
1035 897 1161 965 quoniam
1171 895 1228 948 ridi
1240 897 1320 946 viros

179 998 186 1008 ·
269 974 363 1025 doctos
374 972 507 1043 duplicem
518 971 613 1024 Albam
627 971 658 1023 cx'
669 970 710 1022 his
723 972 874 1044 virgilianis
881 973 948 1026 locis
956 973 1114 1045 prodidisse.
1125 975 1191 1029 Sunt
1202 974 1320 1027 Xaoen'i

268 1052 392 1104 Manna·
399 1071 448 1123 per
457 1063 572 1104 suturam
586 1051 797 1116 exercitationes,
810 1053 895 1124 Neap.
914 1054 994 1121 1759,
1008 1055 1054 1124 qui
1066 1073 1126 1126 pag.
1139 1053 1171 1124 59
1183 1054 1319 1106 uicenam

268 1135 301 1184 ab
323 1132 389 1184 Atta
404 1134 494 1205 Lcnpa
515 1132 593 1184 aliam
614 1142 722 1182 veterem
741 1132 835 1182 Albam
856 1132 882 1182 in
905 1132 1003 1185 Tiberis
1013 1133 1091 1186 litore
1109 1137 1191 1187 fuisse
1203 1135 1319 1198 statuit,

269 1231 381 1285 eamque
401 1233 416 1266 a
436 1225 514 1282 pocta
533 1211 574 1263 his
591 1211 677 1264 verbis
696 1211 841 1264 declarari:
855 1210 908 1262 Hic
927 1210 997 1266 lucus
1015 1213 1085 1266 urhis
1105 1215 1239 1265 erit—ex
1258 1231 1316 1284 quo

269 1292 368 1362 (loco,
382 1294 452 1346 unde
462 1294 474 1364 )
485 1306 546 1363 post
558 1293 630 1343 XXX
643 1309 741 1356 annos,
761 1292 888 1344 Asconius
907 1291 974 1344 clari
987 1295 1080 1346 condet
1090 1293 1254 1367 sequeminis
1266 1291 1317 1344 AI·

270 1375 337 1426 bnm.
358 1375 439 1444 Atqui
458 1374 533 1424 istius
552 1374 710 1444 antiquioris
732 1371 806 1424 Albae
822 1389 954 1443 nusquam
972 1372 1037 1426 alibi
1054 1375 1129 1426 facta
1144 1375 1245 1426 mentio
1266 1391 1317 1424 oc

269 1468 359 1506 currit.

303 1537 437 1588 Hactenus
447 1551 554 1607 poetam
561 1547 663 1587 veteres
672 1535 777 1588 fabulas
787 1537 921 1606 suscipere
932 1534 1059 1598 vidimus3
1071 1537 1117 1590 sed
1129 1537 1182 1589 hoc
1191 1553 1245 1586 non
1254 1537 1313 1588 sine

268 1613 371 1684 judicio
384 1617 482 1666 Iactum
492 1618 571 1668 etiam
582 1633 611 1666 cx
624 1615 676 1666 hoc
685 1615 790 1684 judices
803 1615 896 1680 velim,
910 1614 982 1685 quod
995 1615 1062 1668 nlius
1071 1618 1100 1668 in
1112 1617 1204 1670 eadem
1215 1634 1242 1667 re
1255 1633 1313 1666 nou

270 1694 466 1762 infrequentes,
480 1713 530 1747 nec
542 1693 669 1744 obscuras
682 1693 786 1746 fabulas
802 1695 902 1762 spreuit
911 1706 937 1744 et
948 1693 1080 1764 neglexit3
1093 1694 1179 1765 qualis
1195 1693 1241 1746 ills
1255 1706 1313 1758 est,

267 1788 348 1840 quam
361 1772 500 1842 Dionysius
512 1785 637 1842 tanquam
648 1771 682 1822 ab
692 1771 823 1842 indigenis
834 1785 971 1842 acceptam
980 1785 1070 1825 narret
1080 1772 1125 1824 lib.
1136 1774 1161 1837 I,
1174 1770 1223 1835 ⁵5,
1237 1771 1313 1841 quod

271 1870 380 1904 escensu
400 1855 473 1905 facto
490 1854 517 1903 in
529 1869 626 1922 magns
638 1869 712 1921 aquae
725 1843 838 1922 penuria
851 1853 984 1924 scaturigo
997 1871 1028 1904 ex
1042 1852 1100 1904 solo
1113 1853 1227 1905 emicuit.
1240 1852 1312 1902 Fons

268 1932 337 1986 Solis
347 1932 409 1984 inde
420 1931 550 2004 appellari
563 1933 657 2002 coepit,
670 1951 731 1983 cum
745 1931 815 1983 binis
827 1933 880 1984 sris
893 1931 1069 1984 adstantibus.
1082 1931 1163 1986 Aliud
1173 1932 1312 1984 oraculum

269 2010 401 2080 Apollinis
412 2008 552 2081 Delphici,
566 2023 595 2061 ut
607 2012 701 2063 AEneas
711 2011 748 2063 ibi
761 2009 926 2077 confideret,
939 2011 986 2063 ubi
997 2010 1050 2063 duo
1062 2014 1145 2064 marin
1158 2011 1313 2075 invenisset,

270 2112 284 2144 c
297 2091 413 2142 Domitio
427 2089 499 2162 apud
508 2091 576 2143 Sext.
589 2091 724 2142 Aurelium
735 2091 801 2142 Vict.
812 2110 835 2142 c.
847 2107 892 2153 η,
905 2090 952 2142 sed
964 2089 1085 2154 indocte,
1097 2103 1236 2152 narratur;
1248 2107 1312 2141 nan

270 2169 371 2224 adduo
390 2183 481 2242 stagna
502 2188 577 2241 aqure
596 2171 671 2222 salse
691 2171 718 2220 in
735 2187 799 2240 agro
811 2169 941 2220 Laurente
958 2167 1085 2233 trahitur,
1103 2168 1175 2239 quod
1187 2167 1221 2219 ud
1238 2184 1312 2220 mare

270 2249 412 2301 Etruscum
422 2261 448 2301 et
456 2249 555 2300 Lacum
566 2249 715 2302 Ostiensem
728 2246 896 2301 referendum
909 2261 979 2309 ernt;
993 2260 1021 2299 ut
1029 2249 1084 2318 jam
1094 2248 1222 2300 monitum
1232 2243 1313 2300 viden

270 2328 422 2382 nClurerin
439 2348 464 2399 p.
484 2330 544 2382 882.
563 2328 682 2382 Tandem
703 2341 834 2380 ostentum
855 2329 883 2379 in
902 2327 1012 2381 Lavinio
1031 2327 1173 2382 condenda
1191 2326 1313 2379 oblatum

270 2411 339 2481 ignis
351 2421 446 2478 sponte
463 2412 560 2472 exorti,
582 2410 673 2478 aquila
690 2427 720 2460 ac
733 2407 813 2478 vulpe
833 2425 912 2478 super
930 2426 962 2460 eo
980 2408 1214 2472 contendentibus,
1226 2406 1311 2460 multo

270 2487 357 2538 minus
368 2504 382 2535 a
397 2499 475 2555 poeta
485 2487 593 2537 tractari
606 2487 693 2556 potuit
704 2507 709 2535 :
723 2487 772 2537 etsi
782 2487 868 2538 numis
878 2487 963 2558 gentis
975 2487 1060 2557 Pupi-‘c
1069 2483 1311 2554 nobilitata.(Vide

270 2564 312 2614 rel
325 2563 422 2614 Eclchel
435 2564 511 2615 Tom.
524 2566 561 2630 V,
575 2583 600 2634 p.
615 2565 674 2634 267.
690 2565 781 2636 )Nata
793 2577 820 2617 ct
831 2564 887 2617 haec
900 2567 976 2618 anilis
992 2566 1086 2619 fabula
1101 2567 1207 2620 videtur
1218 2584 1249 2620 ex
1261 2568 1312 2638 sig·

270 2642 312 2695 nis
326 2638 420 2710 aquilae
432 2654 458 2693 ct
471 2641 527 2711 lupi
539 2644 566 2693 in
578 2643 638 2694 foro
650 2643 753 2694 Lauinii
765 2644 873 2714 positis,
887 2663 944 2714 quar
956 2645 1064 2717 Dionys.
1078 2644 1159 2711 vidit,
1171 2645 1310 2712 lib.1,59

305 2717 421 2772 Classem
441 2721 616 2790 Trojanorum
636 2723 662 2772 in
681 2723 746 2793 ipsis
762 2722 865 2775 Tiberis
883 2725 956 2775 ostiis
978 2725 1112 2778 incensam
1124 2743 1140 2776 a
1154 2723 1310 2776 mulieribus

270 2796 339 2848 (lucc
351 2797 435 2850 Romu
448 2799 576 2869 quadam,
590 2799 754 2852 tradiderant
766 2801 828 2852 olim
842 2804 983 2872 scriptores
993 2803 1066 2875 apud
1075 2804 1228 2875 Dionysium
1238 2804 1264 2870 1,
1276 2819 1309 2872 72

271 2873 282 2944 (
292 2895 318 2947 p.
332 2873 399 2946 58),
412 2878 439 2927 in
457 2896 523 2948 quos
539 2879 668 2931 inciderat
685 2879 819 2952 Polymnus
836 2879 947 2953 Strateg.
964 2882 1039 2946 vm,
1058 2882 1104 2948 25,
1125 2899 1155 2947 2,
1175 2882 1221 2934 ubi
1239 2881 1310 2933 itlem

271 2956 447 3028 Trojuuarnm
459 2959 597 3011 mulierum
610 2960 714 3013 facinus
726 2962 842 3032 exponit.
855 2963 889 3014 cl.
903 2961 937 3013 ad
949 2962 994 3014 lib.
1005 2964 1028 3011 V
1038 2962 1099 3016 Exc.
1112 2963 1156 3014 VI.
1169 2960 1250 3030 Quod
1260 2979 1311 3013 ou-

271 3047 324 3088 tem
337 3050 421 3108 poetar
435 3039 564 3110 Thybris,
578 3059 631 3092 non
647 3041 746 3094 Tiberis
755 3041 892 3108 scribitur,
902 3060 956 3112 qua
972 3042 1005 3095 dc
1023 3061 1052 3096 rc
1063 3056 1116 3096 tam
1133 3042 1217 3094 mults
1233 3059 1312 3114 argu-

271 3129 361 3168 tantur
373 3117 557 3184 Grammatici,
575 3120 640 3172 illud
655 3121 689 3173 ad
707 3121 863 3194 dignitatem
880 3125 983 3194 epicam
1004 3136 1124 3195 spectare
1135 3135 1214 3194 puta,
1227 3139 1310 3192 quun

268 3195 357 3258 forma
367 3200 440 3248 vocis
454 3200 486 3250 sit
501 3201 584 3271 magis
596 3201 736 3254 recondita
747 3221 778 3254 cx
794 3202 891 3254 Graccis
904 3204 990 3273 poetis
1002 3215 1028 3255 et
1040 3201 1213 3274 scriptoribus
1227 3213 1313 3252 trans·

269 3273 342 3343 lata,
355 3277 451 3348 quibus
463 3275 566 3349 Θύμβρις
579 3293 605 3334 ct
616 3279 701 3350 Θόβριε
714 3294 768 3350 est,
780 3300 846 3336 sono
859 3283 923 3355 ipsis
935 3284 1019 3356 magis
1031 3284 1209 3355 frequentato.
