2968 4696
284 383 354 450 330·
533 384 567 446 Ρ.
591 382 822 447 VIRGlLll
845 385 1075 452 MARONIS

281 501 521 594 Tyrrhenoque
532 503 635 570 boves
648 507 682 570 in
693 504 830 570 flumine
841 507 920 572 lavit
932 508 1053 575 iberas.

280 595 352 673 Pila
361 633 460 675 manu
471 633 643 700 aaevoaque
655 628 775 699 gerunt
786 613 819 676 in
833 611 920 678 bella
932 613 1088 696 dolones,

279 716 321 780 Et
332 719 427 782 tereti
438 699 587 808 pugnant
596 742 770 800 mucrone,
784 743 932 810 veruque
944 722 1085 788 Sabello.

282 823 356 912 lpse
368 822 484 911 pedes,
498 841 654 914 tegumen
666 843 825 915 torquens
838 826 970 891 inmane
982 827 1102 907 leonia,

1279 734 1331 784 661Ι

279 1013 364 1060 dubito
377 1031 428 1062 oros
439 1015 499 1062 nibil
511 1015 576 1064 aliud
589 1034 720 1082 autequam
736 1021 855 1082 antiquam
868 1023 1007 1084 scripturam
1019 1033 1043 1067 et
1053 1021 1269 1083 pronuntiationem
1281 1016 1327 1065 0ιῖ

279 1098 356 1128 «uma.
367 1084 428 1130 toni.
441 1084 471 1132 ad
482 1086 524 1132 Ge.
535 1087 569 1142 11,
580 1085 618 1150 47.
625 1088 717 1136 -663,
730 1089 856 1150 influmine
865 1090 927 1137 cua.
939 1091 1035 1137 Hiberos
1042 1089 1091 1136 duo
1101 1091 1185 1136 Moret.
1194 1088 1270 1135 lbema
1283 1086 1327 1133 ali·

281 1166 340 1216 quot
349 1155 409 1200 Pier.
421 1178 453 1191 -
462 1155 516 1202 665.
530 1157 568 1204 Ut.
579 1167 596 1204 t.
607 1159 705 1206 Oudart.
718 1159 798 1207 lleint.
810 1163 874 1225 conj.
884 1169 933 1207 out„
942 1161 1032 1208 -666,
1046 1169 1148 1225 030000
1157 1161 1237 1206 lleina.
1247 1173 1260 1204 e
1270 1158 1326 1204 lle·

281 1223 328 1268 dic·
338 1225 346 1282 (
352 1241 364 1268 a
375 1226 487 1288 fogginio
499 1230 593 1292 090000
602 1233 748 1292 caprearum)
761 1244 784 1276 et
794 1232 869 1278 tribuo
878 1231 937 1278 aliia.
949 1233 976 1278 ln
989 1230 1099 1293 reliquia,
1119 1231 1188 1276 etiam
1197 1228 1326 1282 Pieriauia,

282 1297 382 1358 teqimen.
393 1295 469 1360 Vulgo
477 1305 578 1362 oeqoten:
589 1317 610 1347 ι.
621 1316 672 1364 nup.
683 1301 712 1348 acl
721 1301 767 1359 lll,
778 1301 830 1365 594.
839 1302 926 1349 Eadem
934 1304 1032 1350 varietas
1041 1304 1065 1350 in
1076 1303 1141 1348 livio
1153 1309 1176 1346 et
1184 1290 1236 1345 aliia
1246 1297 1327 1344 obaer-

282 1465 328 1534 qui
347 1476 403 1516 tum
421 1464 481 1520 loca
499 1469 571 1523 eirca
588 1472 737 1524 Palatinum
752 1483 779 1524 et
828 1473 928 1525 ferrum
939 1471 1033 1525 melius
1051 1473 1143 1542 utique
1162 1477 1224 1520 tem
1236 1477 1324 1526 esaet3

281 1543 440 1595 Aventinum
469 1549 600 1618 tenebat,
630 1550 779 1604 deverterat
828 1572 862 1604 an
873 1565 955 1624 poeta
970 1551 1038 1604 illud
1053 1571 1102 1623 per
1118 1563 1267 1600 mueronem
1279 1543 1327 1596 de·

282 1623 423 1677 Hercules:
438 1627 576 1698 quatiere
594 1649 619 1680 v,
639 1632 687 1682 inf.
702 1631 778 1698 vill,
828 1631 930 1684 clarore
939 1629 1206 1684 voluitib'amnitiorn
1215 1623 1324 1696 quidem

283 1716 333 1752 0οο
343 1719 478 1772 aqu-tr.
490 1706 540 1760 663
553 1710 688 1778 poeticum
701 1727 778 1762 orna·
826 1713 964 1782 proprium
995 1711 1047 1764 boc
1079 1709 1192 1762 telorum
1221 1721 1325 1776 genua,

283 1792 338 1830 tum
356 1781 438 1835 babet
454 1787 593 1840 commode
612 1788 646 1840 ab
664 1807 696 1843 eo
712 1791 779 1860 peti·
826 1791 916 1845 emoriar
928 1791 1043 1856 dictum,
1056 1807 1135 1860 aquo
1146 1786 1214 1840 adeo
1226 1801 1324 1835 nomen

284 1871 353 1925 '¹¹¹³’
373 1862 445 1932 q¹¹0d
464 1865 492 1916 in
510 1881 690 1920 armentorum
713 1887 778 1921 aura
827 1889 918 1925 eorum
931 1869 1040 1924 (luctum
1053 1887 1110 1922 esse
1122 1867 1215 1919 volunt
1232 1862 1327 1914 Sauni-

281 1941 702 2020 rr0rriumrtt‚1avaregregem;
712 1966 776 2019 pro:
826 1963 922 2018 tarum,
930 1963 957 2004 et
968 1950 1155 2012 samnitarum,
1168 1963 1214 1998 seu
1225 1941 1325 1996 Samni·

282 2029 309 2070 et
318 2032 478 2075 amoeniora
488 2024 618 2097 Hispania
628 2027 747 2080 adduxit.
827 2043 891 2082 tum.
898 2029 1073 2093 vltl.Fetturn,
1083 2045 1143 2079 voc.
1151 2019 1324 2086 Samnitibus,

317 2101 482 2175 aaa-669.
497 2116 595 2177 qerunt
610 2107 667 2159 teil.
691 2108 779 2160 Aren·

281 2180 330 2233 tini
347 2185 473 2251 comitea;
493 2203 559 2256 quoa
577 2187 669 2259 paullo
686 2187 778 2240 durius

282 2261 444 2337 subintelligi
464 2283 518 2318 non
537 2265 661 2320 inficior:
682 2269 730 2320 etsi
746 2285 778 2320 eo

281 2341 379 2396 ducere
397 2358 486 2416 potest
496 2345 523 2398 rl
535 2347 598 2418 Ipse
609 2365 634 2399 r.
647 2349 707 2401 666.
720 2349 777 2400 Neo

281 2424 424 2490 monitum,
448 2424 518 2478 uode
537 2426 556 2477 ii
576 2428 689 2494 luerint,
710 2423 777 2498 quoa

224 2519 228 2527 ¹
281 2501 400 2555 adduxit.
424 2506 495 2558 Loca
518 2509 589 2558 circa
616 2510 777 2559 Aventinum

280 2593 396 2632 montem
409 2601 453 2634 eoa
464 2583 614 2636 inhabitare
625 2584 713 2637 dicere
725 2603 777 2657 po·

280 2670 357 2711 terat.
369 2659 421 2713 sea
437 2675 508 2714 totus
520 2663 595 2714 loona
608 2681 624 2716 a
641 2677 723 2734 poeta
736 2667 776 2717 io-

280 2737 405 2805 choatua,
422 2759 476 2794 non
489 2740 625 2794 absolutus
636 2755 695 2796 ease
705 2742 776 2796 vitle-

280 2830 330 2869 tur.
344 2817 406 2869 Pila
415 2819 483 2873 bene
492 2833 635 2889 memomt,
647 2833 775 2892 tanquam

279 2899 460 2952 llomanorurn
470 2911 497 2954 et
505 2899 632 2951 italorum
644 2899 739 2962 telum
749 2920 774 2951 v.

279 2976 313 3030 de
322 2979 354 3030 iia
363 2979 453 3053 Polyb.
466 2981 517 3046 Vl,
531 2997 578 3046 ar,
590 2979 637 3032 ubi
652 2977 715 3030 ieeol
726 2998 776 3050 np-

279 3057 422 3130 pellantur.
433 3061 473 3113 De
486 3058 595 3125 dolone,
608 3057 641 3111 de
654 3077 707 3130 qno
717 3060 777 3112 llei-

279 3138 776 3211 nea.Vnnlract.pag.646egit,unice

280 3217 492 3292 amplectendum
511 3230 571 3287 eat,
585 3217 658 3288 quod
676 3238 691 3271 a
711 3219 777 3270 Van·

279 3319 344 3353 rone
355 3301 434 3352 affert
444 3297 563 3350 Servius:
576 3314 633 3349 esee
641 3298 776 3370 ingentem

279 3394 387 3434 contum
414 3395 474 3428 cum
502 3377 574 3429 ferro
608 3375 772 3430 brevissimo.

827 2122 853 2162 et
866 2110 911 2180 qui
924 2107 959 2160 ad
972 2127 994 2160 e.
1008 2107 1026 2159 l.
1040 2106 1200 2171 laudantur,
1212 2114 1238 2154 et
1250 2098 1325 2152 Stra·

826 2189 890 2241 bon.
899 2190 932 2254 V,
940 2208 967 2260 p.
981 2187 1032 2241 383
1043 2189 1071 2238 n.
1081 2184 1150 2250 lam,
1159 2201 1241 2256 quum
1249 2177 1333 2232 6000·Ι

827 2271 895 2322 niter
907 2269 1009 2321 Sabina·
1022 2268 1107 2340 gentis
1120 2278 1240 2337 propago
1252 2261 1323 2324 tint,

826 2352 904 2402 etiam
925 2348 1030 2400 Sabinis
1049 2345 1120 2398 idern
1138 2343 1220 2396 harto
1239 2357 1323 2412 genna

826 2426 945 2482 sollenne
966 2445 1039 2492 esse,
1061 2439 1107 2480 aut
1131 2423 1226 2477 saltem
1242 2421 1324 2472 tribui

825 2509 927 2580 potuit,
943 2505 1015 2558 unde
1029 2523 1093 2558 veru
1110 2499 1249 2557 Sabellum.
1264 2499 1324 2550 Nisi

826 2589 934 2638 omnino
947 2602 1087 2638 commune
1100 2585 1152 2635 fuit
1160 2580 1323 2653 populorum

825 2666 907 2730 Latii,
919 2677 944 2718 et
953 2664 1061 2736 reliquo
1070 2655 1161 2715 ltaliae.
1172 2661 1214 2714 ste
1225 2659 1321 2728 Geor-g.

824 2745 860 2809 ll,
876 2745 923 2798 166
938 2743 1041 2798 Volscos
1050 2753 1151 2795 verutos
1160 2739 1323 2793 vidimus.-

824 2824 885 2877 666.
915 2833 1035 2896 teyumen
1065 2820 1163 2887 leonis,
1185 2821 1228 2872 cui
1252 2835 1323 2870 nunc

824 2911 884 2955 soelo
897 2903 1038 2968 tribuitur,
1056 2916 1087 2953 ut
1097 2901 1160 2953 infr.
1177 2914 1229 2970 790
1241 2899 1323 2961 bovi,

825 2993 887 3033 aunt
903 2983 1002 3034 exurite
1013 3003 1019 3032 :
1032 2980 1081 3032 baa
1100 2987 1218 3052 torquet,
1237 2989 1325 3030 retor-

826 3075 903 3134 quet,
922 3063 1082 3113 incinctum
1104 3059 1238 3131 oorporla;
1261 3059 1336 3108 inlr..

825 3141 899 3206 vlll,
920 3139 971 3208 460
991 3140 1108 3192 Damion
1126 3138 1159 3190 ab
1175 3135 1239 3188 ioeoo
1256 3155 1324 3207 pou·

825 3219 905 3272 thero
928 3231 999 3293 teryo
1027 3229 1184 3291 retorqueas.
1210 3215 1324 3268 Eaedem

824 3301 931 3354 exuvias
941 3303 979 3352 ita
991 3297 1177 3352 accommodat
1189 3297 1284 3366 capiti,
1295 3305 1324 3346 ut

823 3381 904 3432 rictus
923 3379 999 3451 pellit
1015 3395 1064 3449 pro
1081 3377 1158 3451 galea
1171 3377 1219 3440 ait,
1234 3375 1322 3426 utini.

278 3453 775 3530 Telegonustollilliatemporibuaae·
824 3461 873 3524 xl,
897 3459 963 3524 660,
984 3458 1033 3510 681
1060 3467 1142 3528 eaput
1162 3455 1253 3526 inqeos
1274 3453 1324 3505 oria

279 3535 561 3594 commodatum.Petit
569 3536 632 3588 binc
641 3536 720 3589 Silius
730 3535 775 3604 ΙΙΙ,
825 3536 912 3589 hiatus
931 3537 967 3588 Ee
984 3533 1062 3587 maloe
1081 3545 1166 3586 texere
1185 3531 1245 3604 lupi
1262 3547 1324 3583 eum

280 3623 338 3676 250.
350 3617 505 3669 Macronem
515 3625 629 3682 teretem,
640 3634 670 3668 ex
679 3633 729 3668 nau
739 3617 776 3667 lo-
824 3616 943 3668 dentibus
956 3613 1031 3667 olbis.
1045 3615 1118 3666 conf.
1131 3629 1192 3664 rnox
1209 3629 1235 3660 v.
1253 3610 1323 3678 666,

280 3697 393 3774 quandi,
408 3713 463 3746 nou
473 3695 524 3748 nisi
537 3695 570 3748 tle
581 3695 671 3769 gladio
681 3699 775 3768 exiguo
824 3695 885 3766 689.
897 3695 1023 3747 Dentium
1031 3696 1161 3758 nitorem,
1171 3705 1201 3744 ut
1210 3694 1236 3742 in
1247 3707 1324 3760 apro,

279 3779 365 3850 accipi
384 3793 464 3849 posse
479 3787 560 3849 puto;
581 3795 632 3828 neo
650 3789 738 3828 tamen
749 3771 776 3826 ri
826 3775 901 3826 sicin
915 3774 992 3828 leone
1011 3793 1065 3826 000
1084 3774 1193 3826 memini
1211 3787 1322 3840 nsquam

280 3873 342 3914 terea
353 3859 416 3910 tatia
430 3856 555 3910 convenit
567 3878 574 3907 e
586 3852 720 3907 Sabellum
733 3872 778 3906 nu·
825 3853 997 3926 praedicatum
1011 3876 1018 3903 ι
1031 3855 1124 3924 itaque
1135 3850 1211 3903 albus
1221 3861 1322 3901 tontum

280 3957 332 3998 tem
350 3957 412 3992 veru
430 3937 532 3992 nullum
552 3935 625 3989 aliud
638 3951 695 3986 eaae
706 3933 778 3987 vide·
826 3951 924 3986 ornant
939 3951 997 3987 etse
1012 3933 1120 3987 videtur
1136 3931 1225 4003 epitbe

281 4042 337 4092 tur,
357 4041 437 4094 quam
452 4031 589 4084 verutum,
609 4015 707 4085 jaculi,
731 4031 777 4066 aeu
827 4015 920 4066 ceteris
931 4015 1027 4090 scabra
1038 4025 1078 4066 eat
1088 4015 1184 4066 oratio.

299 4109 328 4162 ili
347 4103 453 4160 missilia
472 4114 574 4174 genua:
598 4093 733 4166 prefixum
754 4095 778 4145 oi
826 4093 899 4148 beet.
919 4091 1016 4148 Saltem
1028 4095 1104 4164 jung.
1122 4093 1180 4162 Ipse
