2968 4696
624 307 888 378 EXCURSUS
911 313 941 377 V

710 495 850 510 m

554 561 916 696 excussus
952 612 1004 697 v.

262 801 417 867 Historiis
429 802 547 882 veteris
558 799 710 888 mytlu'coe
721 799 832 866 Italioe
840 806 950 888 capita
956 807 1083 888 potima
1092 803 1135 870 tle
1142 803 1318 886 Sauone,

520 904 628 979 Jisno,
642 904 719 969 Pico
725 937 740 981 ·,
754 905 888 981 Fauno,
904 907 1033 974 Latino.

296 1067 359 1128 Vll,
372 1065 404 1130 45
418 1082 475 1132 sqq.
495 1063 548 1112 llex
559 1079 622 1112 arua
635 1061 744 1113 Lutiritts
754 1073 781 1113 et
797 1063 870 1116 urbes
879 1065 941 1114 dnm
952 1066 1038 1117 senior
1049 1065 1126 1138 lonqa
1136 1065 1264 1138 placidas
1277 1069 1312 1120 in

259 1164 325 1217 pace
338 1147 447 1218 reyebut.
462 1145 540 1194 Huuc
552 1143 642 1191 Fauno
654 1152 678 1190 et
690 1141 816 1213 Nympha
832 1144 950 1215 genitum
964 1146 1093 1197 Laurente
1103 1147 1207 1197 Marica
1221 1148 1310 1198 Acci-

259 1226 364 1296 pimus:
385 1227 476 1274 Fuuno
493 1222 572 1272 Picus
587 1223 767 1292 patenisque
784 1234 920 1292 parentem
941 1225 991 1289 Te,
1010 1225 1139 1292 Saturne,
1161 1226 1261 1292 refert:
1276 1238 1313 1276 tu

261 1304 397 1375 sanquinis
406 1301 513 1352 ultimus
520 1310 618 1349 auctor.
625 1300 712 1365 Quum
720 1299 776 1350 hac
786 1303 838 1353 siut
850 1304 926 1372 quasi
933 1305 1069 1373 potissima
1079 1303 1195 1355 historin
1203 1307 1312 1356 veteris

260 1384 382 1453 mythice
395 1381 490 1432 ltalicn
503 1380 603 1448 capita,
616 1377 817 1448 disquirendum
834 1378 866 1432 de
883 1382 915 1431 iis
927 1385 983 1432 esse
995 1381 1099 1434 videtur
1110 1381 1201 1454 paullo
1217 1401 1309 1434 accu-

259 1465 351 1512 ratius.
366 1460 449 1512 tttutto
462 1460 558 1528 magis,
572 1460 696 1526 quoniam
709 1457 810 1527 vulgari
826 1459 950 1528 opinione
965 1477 1027 1511 vern
1039 1461 1125 1527 facta,
1137 1460 1261 1511 homines
1274 1473 1308 1511 et

260 1559 302 1590 res
313 1542 427 1608 antiqua*
437 1552 563 1607 tanquam
577 1553 636 1586 vero
648 1549 739 1606 qestae,
750 1539 777 1586 in
788 1535 828 1586 his
837 1535 906 1588 tradi
914 1537 1068 1604 credantur,
1080 1540 1118 1590 ita
1129 1551 1157 1588 ut
1168 1551 1303 1608 tanquam

262 1619 313 1671 lide
326 1620 452 1670 historica
466 1630 574 1687 accepta
587 1635 678 1687 regum
690 1619 860 1687 antiquorum
872 1635 913 1669 res
926 1630 951 1670 et
963 1619 1035 1671 facta
1047 1620 1143 1689 exponi
1156 1637 1171 1670 a
1185 1620 1305 1689 scripto-

261 1698 334 1748 ribus
347 1710 478 1768 putentur.

299 1777 340 1828 Ad
355 1779 497 1829 Saturnum
510 1775 628 1826 videmus
640 1775 726 1825 Latini
734 1793 825 1846 genus,
839 1775 970 1846 simulque
982 1775 1086 1830 fabulas
1098 1779 1194 1830 veteris
1206 1775 1302 1843 ltalin,

261 1869 386 1928 tauquam
400 1856 433 1907 nd
444 1867 523 1924 caput
536 1867 561 1904 et
572 1855 707 1924 originem,
721 1853 849 1905 deductas
862 1855 1191 1920 subsistere,neoulterius
1203 1874 1300 1926 proce·

261 1935 332 1987 dere.
349 1939 388 1986 list
404 1948 490 1986 utitem
502 1933 534 1984 de
548 1933 661 1984 Sutumo
678 1931 782 2002 mythos
795 1935 919 2004 proprius
931 1933 1120 2004 Aboriginibus
1132 1953 1164 1985 nc
1175 1932 1301 1985 domesti-

262 2033 323 2079 cus,
336 2036 384 2067 nec
397 2017 538 2086 quicquam
559 2011 645 2076 aliud,
665 2014 686 2063 si
708 2027 778 2063 recte
793 2013 902 2082 judico,
922 2031 1000 2084 qnam
1014 2013 1186 2084 symbolicum
1200 2032 1299 2066 nomen

260 2096 377 2148 melioris
390 2097 464 2160 vita,
478 2093 635 2162 cujusinitia
649 2110 663 2143 a
676 2091 795 2163 frugibus
808 2093 937 2156 inventis,
951 2093 1066 2156 satione,
1077 2103 1103 2143 et
1116 2110 1199 2144 messe
1211 2094 1300 2162 repeti

260 2177 346 2228 solent
363 2198 368 2226 :
388 2195 442 2227 non
462 2176 537 2245 quasi
550 2191 610 2224 cum
626 2171 814 2242 philosophica
826 2172 916 2242 aliqua
929 2171 1074 2224 subtilitate
1092 2171 1147 2223 hmo
1166 2173 1300 2244 excogita-

259 2259 362 2317 verint,
377 2269 421 2308 aut
436 2268 490 2306 arte
504 2254 593 2323 aliqua
605 2253 795 2321 expresserin13
807 2251 854 2302 sed
867 2253 930 2322 quia
948 2253 1028 2303 animi
1040 2269 1117 2304 seusa
1129 2251 1204 2304 aliter
1216 2271 1299 2322 quam

259 2355 308 2407 per
319 2355 405 2388 rerum
417 2333 578 2385 sensibilium
590 2333 688 2382 formas
702 2350 732 2382 ac
745 2333 845 2402 species
859 2331 948 2402 eloqui
958 2345 1093 2403 nequeunt
1102 2331 1180 2384 rudes
1188 2332 1300 2403 populi,

260 2415 442 2467 delinientibus
461 2412 561 2470 serbis3
575 2423 601 2460 et
614 2409 683 2460 mala
696 2409 790 2462 fraude
802 2424 909 2463 mecum·
918 2425 1020 2483 ageret,
1039 2415 1085 2483 qui
1095 2411 1151 2464 haec
1163 2431 1222 2464 cum
1234 2411 1301 2464 alle·

259 2497 356 2565 goriae,
369 2495 406 2542 roi
419 2507 527 2560 prorsus
547 2488 672 2551 diversae,
686 2489 773 2538 studio
791 2489 971 2553 confundere,
984 2509 1078 2562 meque
1090 2493 1116 2541 in
1130 2493 1244 2560 antiquis
1257 2510 1300 2542 re-
1326 2546 1329 2552 ,

259 2571 310 2622 bus
323 2589 380 2619 eam
395 2567 518 2636 amplecti
528 2567 721 2636 pronuntiaret.
736 2567 828 2636 ltaque
838 2566 893 2618 falx
904 2565 1017 2619 Saturno
1029 2567 1090 2620 addi
1103 2569 1197 2638 coepit;
1211 2587 1298 2639 eoque

258 2658 411 2709 narratum,
425 2643 457 2694 ad
472 2643 570 2693 cultum
583 2645 641 2692 vitto
655 2661 714 2694 eum
729 2645 885 2716 Aborigines
895 2645 1051 2697 adduxisse:
1065 2646 1170 2698 Primus
1178 2646 1298 2698 aboetbe·

258 2727 299 2777 rio
317 2725 389 2775 uenit
398 2723 524 2774 Saturnus
542 2719 654 2791 Olympo
664 2753 697 2760 —
707 2723 733 2774 Is
741 2741 823 2794 yemis
842 2722 955 2776 indocile
967 2743 998 2776 oc
1015 2725 1155 2795 dispersum
1167 2725 1299 2777 montibus

259 2805 320 2857 ultis
331 2804 489 2874 Orutposuit,
503 2802 619 2873 leqesquc
631 2802 707 2852 dedit.
717 2805 774 2854 AEn.
783 2803 855 2868 Vlll,
868 2805 919 2874 319
931 2823 988 2877 sqq.
1002 2804 1100 2855 Addita
1111 2823 1217 2875 quoque
1229 2823 1296 2855 con-

257 2888 305 2956 jux
319 2888 390 2957 lips,
403 2884 429 2935 h.
444 2903 465 2934 e.
479 2884 570 2935 Terra.
588 2881 743 2946 Commenta
764 2884 892 2934 seriorum
912 2883 982 2954 apud
1002 2884 1121 2936 Macrob.
1134 2887 1161 2952 l,
1174 2902 1205 2954 7,
1218 2885 1249 2952 8,
1265 2901 1297 2936 to

258 2984 313 3016 nou
325 2983 421 3015 moror.

292 3045 380 3110 Quum
395 3041 518 3094 aGrtocis
536 3043 643 3092 tractari
664 3043 804 3111 coepissent
824 3042 920 3095 fabula
939 3043 1050 3108 Italioae,
1072 3041 1106 3093 ad
1127 3043 1238 3094 Cronum
1257 3041 1297 3094 illi

259 3141 336 3174 suum
348 3125 447 3174 referre
458 3133 594 3190 eruperunt
609 3122 759 3171 Saturnum.
774 3123 883 3172 Factum
896 3121 986 3190 idjam
1005 3119 1038 3172 ab
1054 3121 1139 3172 Ennio
1156 3122 1183 3171 in
1199 3119 1294 3172 Annnl.

258 3203 327 3254 Natu
341 3204 406 3273 frag.
420 3221 446 3271 p.
460 3201 506 3264 30,
520 3203 663 3264 Saturnus,
677 3219 752 3272 quem
769 3199 942 3273 Ccelu'qenit,
956 3214 981 3252 et
994 3219 1009 3252 a
1020 3201 1048 3252 L.
1060 3202 1142 3252 Accio
1154 3201 1181 3250 in
1190 3199 1298 3252 Anami-

258 3282 309 3332 bus
322 3281 393 3354 apud
407 3279 523 3332 lllarrob.
538 3281 563 3345 l,
576 3297 590 3347 7
604 3293 668 3330 extr.
688 3280 798 3350 legitur,
817 3280 935 3332 versibus
951 3279 1012 3332 indo
1033 3279 1187 3350 adscriptis3
1200 3281 1249 3330 etsi
1261 3279 1295 3331 do

257 3362 304 3412 illo
317 3363 422 3413 nomine
440 3359 561 3409 dubitare
581 3358 650 3409 licet.
671 3360 734 3411 lmle
751 3359 871 3411 turbatus
889 3373 914 3412 et
931 3360 1105 3432 interpolatus
1118 3374 1158 3412 est
1171 3362 1295 3430 antiquus

258 3441 302 3493 ille
315 3441 431 3514 mythos,
445 3454 469 3491 et
484 3452 590 3490 narrata
603 3439 636 3490 de
649 3439 761 3491 Saturno
773 3459 803 3493 ea
816 3459 922 3512 quoque
935 3455 1009 3505 sunt,
1025 3459 1082 3512 quse
1093 3441 1177 3492 Graeci
1189 3459 1204 3491 n
1215 3439 1294 3491 Phoe-

256 3521 360 3571 uicibus
374 3533 484 3588 arrepta
495 3517 528 3569 de
541 3519 602 3569 Belo
616 3518 650 3569 atl
666 3538 741 3570 suum
755 3521 862 3572 Cronon
879 3520 1067 3572 transtulerant
1077 3543 1082 3570 :
1094 3532 1124 3570 ut
1140 3522 1195 3589 jttm
1212 3537 1294 3589 snpra

257 3602 385 3650 monitum
403 3599 527 3667 (Euctus.
541 3599 589 3663 lV,
601 3617 626 3668 p.
647 3599 702 3651 13⁵.
712 3601 730 3669 )
748 3601 869 3664 Faloem,
882 3603 972 3653 messis
985 3599 1148 3671 symbolum,
1160 3595 1240 3648 modo
1258 3597 1293 3648 nd

257 3677 331 3743 ἅρπην
351 3677 442 3743 Κρόνου,
456 3689 481 3727 et
493 3677 606 3728 rescissa
617 3676 678 3727 Coeli
689 3677 830 3748 pudenda,
843 3677 922 3730 modo
939 3677 974 3731 ad
989 3691 1107 3750 tompus,
1120 3675 1193 3748 quod
1205 3677 1294 3727 omnia

259 3753 382 3817 demetit,
392 3768 559 3807 revocarunt.

292 3835 325 3883 Ut
340 3847 426 3885 utitem
438 3837 521 3888 Graeci
538 3838 654 3889 Cronum
667 3839 693 3889 in
705 3839 807 3891 ltaliam
825 3841 1013 3908 transferrent,
1033 3841 1110 3892 etiam
1131 3841 1196 3890 situs
1212 3837 1296 3890 ltalite

257 3927 350 3962 versus
362 3911 465 3964 Gracire
478 3915 642 3968 occidentem
656 3935 700 3968 eos
713 3919 847 3990 impulisse
859 3918 978 3980 videtur,
993 3919 1156 3971 Occidentem
1171 3919 1240 3970 enim
1253 3915 1295 3967 lo-

258 3989 410 4056 eisinl'eris,
421 3990 541 4068 adeoque
550 3995 662 4050 Tartaro
671 4033 679 4066 ,
689 4016 742 4070 quo
753 3997 854 4054 Crouus
865 3997 986 4056 detrusus
996 3997 1142 4062 delitescit,
1154 3993 1294 4048 finitimum
