2956 4680
290 362 356 448 'llo
540 361 576 426 Ρ.
598 358 829 426 VlRGlLll
852 356 1085 427 Muttonis

292 491 334 552 Ni
346 487 475 574 signum
487 483 567 550 caelo
579 483 740 574 Cytherea
753 481 898 549 dedisset
908 501 1034 572 operto.

291 593 440 680 Namque
453 591 620 678 inproviso
631 587 776 654 vibratus
786 587 828 652 ab
840 588 961 653 aethere
974 588 1083 677 fulgor

291 698 374 761 Cum
387 696 496 762 sonitu
507 695 610 773 venit,
624 710 657 759 et
669 715 764 758 ruere
777 694 886 758 omnia
898 694 966 760 vise
978 709 1131 782 repente,
1305 701 1357 752 διε

291 800 549 890 Tyrrhenusque
562 798 649 863 tubae
661 801 788 886 mugire
800 822 860 887 per
871 798 992 864 retbere
1003 800 1149 886 elongor.

292 904 495 996 suspiciunt,
509 907 627 970 iterum
637 919 738 992 atque
751 905 869 970 iterum
882 905 992 993 fragor
1003 907 1151 993 increpat
1164 904 1307 994 ingens·

291 1016 391 1077 Arme
403 1011 488 1075 inter
499 1009 637 1088 nubem,
650 1009 721 1074 caeli
734 1011 768 1074 in
780 1010 914 1098 regione
927 1033 1056 1090 serena,

293 1121 356 1182 Per
366 1115 487 1182 sudum
498 1116 631 1180 rutilare
642 1114 770 1195 vident,
784 1132 817 1181 et
828 1115 922 1204 pulsa
934 1133 1057 1182 tonare.

293 1223 503 1310 Obstupuere
514 1221 631 1286 animis
641 1219 785 1301 nlii;sed
796 1221 916 1285 Troius
928 1221 1027 1286 heros
1304 1232 1354 1280 ⁵3·

293 1331 434 1419 Agnovit
446 1328 730 1393 sonitumetdivae
741 1329 901 1418 promisee
912 1329 1067 1416 parentis.
1455 1311 1457 1342 ᾗ

293 1437 382 1500 Tum
394 1451 570 1500 memorat:
589 1463 602 1492 a
614 1436 663 1497 Ne
675 1456 767 1512 vero,
780 1433 915 1522 hospes,
930 1457 972 1498 ne
984 1455 1094 1523 quaere
1107 1434 1282 1522 proiecto,

294 1543 402 1623 Quem
415 1562 525 1605 cesum
538 1555 690 1626 portento
702 1539 823 1618 ferant,
837 1561 898 1625 ego
909 1559 1029 1626 poscor
1039 1539 1191 1628 Olympo.

294 1650 368 1713 Hoc
380 1648 508 1734 signum
521 1645 639 1710 cecinit
651 1647 823 1710 missurum
835 1645 909 1709 dive
922 1647 1072 1725 creatrix,

295 1821 411 1884 Mr'rtnque
424 1817 493 1865 Goth.
508 1831 561 1866 tert.
577 1821 634 1864 dum
648 1819 692 1866 duo
705 1824 767 1884 conj.
781 1822 921 1879 Burmann,
934 1838 1015 1884 perum
1029 1815 1094 1872 reite.
1108 1830 1155 1868 nvn
1167 1835 1215 1866 tec.
1225 1811 1341 1874 llottend·

295 1895 368 1938 trum
384 1887 453 1934 Goth.
467 1905 514 1936 tec.
528 1889 569 1934 snb
584 1889 650 1935 corde
659 1903 711 1936 tert.
725 1891 840 1936 movebant
856 1893 946 1955 lingen.
959 1908 971 1937 a
986 1908 1016 1936 m.
1031 1907 1091 1948 tec,
1102 1894 1340 1953 interpretamentu-

292 1960 337 2009 vert
347 1959 464 2024 putabant.
476 1986 507 1996 —
520 1961 571 2006 523.
584 1957 661 2006 ecoelo
673 1957 787 2008 Montnlb.
803 1965 888 2021 Tynna
903 1962 972 2009 Goth.
987 1979 1032 2010 tec.
1046 1964 1068 2010 d.
1082 1963 1111 2012 ab
1122 1961 1169 2010 nito
1180 1963 1257 2023 bigot.
1270 1959 1339 2006 Leid-

295 2051 339 2098 pro
350 2033 396 2080 div.
409 2032 462 2078 lect.
474 2045 499 2078 et.
508 2032 577 2078 Goth.
590 2045 642 2080 tert.
661 2057 692 2068 -
708 2035 760 2095 5²7·
777 2036 882 2098 irtcnpnt.
894 2036 1047 2082 Consentiunt
1056 2037 1082 2080 in
1093 2033 1155 2081 benc
1168 2032 1298 2079 lectionem
1310 2029 1339 2076 ab

297 2105 392 2151 Heinsio
403 2103 504 2159 illatam,
516 2122 528 2149 a
540 2105 674 2150 Burmanno
685 2119 740 2150 vero
754 2107 856 2161 incuria,
868 2117 894 2150 ut
903 2105 1015 2162 nrbitmr,
1029 2107 1112 2156 iterum
1123 2108 1243 2158 omittam,
1255 2115 1338 2147 omnen

296 2175 467 2239 prestantioret
476 2174 564 2219 lleinsii
575 2185 597 2219 et
606 2175 677 2220 Pierii
689 2173 781 2221 codices
792 2190 844 2220 cum
856 2173 920 2220 lulio
931 2175 1029 2230 Sabino,
1039 2190 1090 2238 qne
1099 2187 1123 2222 et
1132 2177 1180 2238 ipen
1189 2171 1271 2236 paullo
1280 2169 1340 2216 doe·

296 2243 400 2300 tierent,
419 2261 463 2306 pro
474 2252 550 2298 sonat,
568 2256 594 2289 ut
606 2245 647 2289 inl.
660 2245 704 2300 lx,
722 2241 765 2300 lod
782 2243 811 2290 de
825 2245 884 2290 tuln
896 2250 984 2300 sortitu,⁸
1000 2259 1023 2291 et
1036 2247 1113 2292 locum
1124 2246 1180 2290 fecit
1193 2243 1270 2290 vermi
1281 2239 1338 2286 binc

297 2315 379 2370 tertio,
395 2309 502 2374 5291·er
514 2312 582 2376 pulsa
598 2322 681 2360 tonan.
696 2313 786 2360 intonat
800 2327 887 2361 tantum
903 2317 1044 2363 recentiores
1053 2316 1122 2362 codd.
1133 2313 1230 2369 incidet,
1246 2323 1270 2356 et
1282 2308 1337 2355 edd.

297 2396 399 2439 veteres,
417 2398 475 2446 quar
485 2381 572 2438 evolvi,
585 2383 653 2428 dldd.
669 2396 692 2430 et
705 2384 760 2428 binc
770 2383 896 2446 prolectet,
912 2401 1000 2432 omnen.
1013 2387 1121 2448 Agnoscit
1130 2399 1224 2446 quoque
1236 2381 1338 2426 &rrius

298 2469 365 2501 sonus
377 2457 461 2498 intonat
470 2453 531 2498 Gnd.
542 2471 554 2498 a
564 2470 594 2497 m.
605 2469 650 2499 sec.
663 2457 752 2500 tmonat
760 2454 856 2502 Dortill.
867 2460 953 2502 intonat
960 2471 1027 2502 aures
1037 2455 1161 2502 admodum
1172 2453 1258 2500 vetntti
1265 2448 1337 2496 codd.

299 2525 362 2588 apud
378 2527 438 2570 Pier.
455 2548 486 2559 ·-
503 2525 554 2569 528.
569 2527 592 2568 in
608 2525 695 2572 abente
708 2541 743 2588 pr.
756 2543 786 2575 m.
799 2543 811 2572 a
823 2527 910 2573 Medic.
923 2539 946 2574 et
957 2528 1032 2583 Gud,
1050 2540 1072 2574 et
1081 2529 1170 2573 Nonius
1181 2542 1186 2571 :
1199 2529 1257 2570 inter
1266 2520 1336 2566 nubes

298 2593 350 2642 coelr'
360 2596 446 2657 reqtbnc
456 2609 542 2640 serena.
555 2595 692 2641 internubes
705 2599 772 2642 etiam
787 2597 905 2655 Perrhae,
917 2602 993 2646 minut
1006 2599 1082 2646 docte.
1094 2624 1125 2634 -
1138 2600 1189 2660 ⁵²9·
1206 2593 1336 2640 Perwidw

299 2665 365 2710 Rom.
374 2678 454 2708 soom
463 2663 525 2708 idem
538 2676 561 2709 et
572 2663 661 2726 aliquot
670 2666 731 2712 Pier.
743 2679 765 2712 et
775 2667 853 2714 Heint.
867 2685 919 2714 cum
932 2669 1001 2715 Goth.
1013 2685 1059 2716 tec.
1070 2693 1102 2704 -
1113 2667 1166 2714 531.
1180 2674 1203 2712 et
1213 2665 1277 2710 abest
1287 2663 1336 2706 llo-

299 2749 376 2780 meno.
386 2757 417 2769 -
427 2733 479 2779 532.
493 2737 555 2780 Tunc
564 2749 617 2781 vero
626 2746 744 2792 memornt,
757 2737 835 2802 lorpes
844 2755 884 2796 ne,
895 2743 953 2788 Ven.
961 2757 1001 2787 nec
1010 2741 1121 2787 verume.
1129 2741 1208 2784 Burin.
1216 2751 1256 2782 nec
1263 2743 1339 2800 qum

300 2803 396 2850 Oudnrt·
408 2817 434 2848 ne
444 2819 532 2866 quere,
545 2801 673 2867 turpem
682 2822 757 2870 qum
765 2807 865 2872 profem
874 2809 1033 2876 attqnotttter.
1043 2835 1074 2848 --
1084 2809 1135 2857 533.
1141 2804 1335 2873 femntParrnn.

257 2897 261 2904 ¹
293 2873 453 2939 JetnntGoth.
466 2886 518 2921 tert.
534 2899 566 2910 -
582 2875 634 2932 534.
652 2879 772 2925 Musarum
783 2881 834 2926 dna
845 2885 944 2928 cmviii
957 2882 1026 2928 Goth.
1039 2893 1106 2938 tert„
1120 2883 1181 2926 mito
1194 2891 1294 2941 stupore·

216 3006 221 3027 '
300 3014 438 3086 equidem,
455 3033 488 3066 an
505 3017 567 3068 eatis
579 3016 698 3070 feliciter.
716 3021 795 3074 Arme
843 3023 888 3074 dit.
909 3025 980 3078 Dixit
998 3021 1060 3078 celo
1079 3033 1187 3096 aperto,
1202 3032 1232 3072 nt
1248 3017 1294 3070 Ge.
1306 3015 1333 3080 Ῑι

300 3091 329 3146 in
339 3093 401 3145 celo
411 3097 509 3165 passim
523 3115 538 3147 n
550 3099 738 3170 superstitiosis
748 3099 796 3150 ho·
843 3103 895 3173 393
907 3115 998 3174 operta
1004 3123 1092 3158 serena
1100 3141 1108 3168 ,
1117 3119 1198 3173 quum
1208 3094 1336 3151 nubendi·

301 3173 416 3226 minibus
431 3190 587 3245 conspecte,
599 3176 662 3229 belli
674 3192 701 3230 et
712 3178 794 3232 cladis
844 3197 938 3236 centur
955 3186 1048 3238 celum
1067 3185 1211 3238 obducere.
1225 3179 1262 3232 el.
1277 3193 1336 3229 mox

301 3257 389 3326 tigna,
401 3254 524 3324 equidem
534 3251 587 3310 buc
599 3277 654 3309 non
666 3261 794 3324 referam,
843 3281 867 3312 v.
881 3261 946 3334 527,
957 3263 1121 3317 sat-526.
1132 3263 1242 3332 clangor
1250 3275 1337 3311 etmo-

301 3353 351 3385 nec
364 3333 468 3403 Spencii
479 3353 590 3388 acumen
601 3337 703 3407 plucet,
720 3339 796 3411 Poly·
843 3359 918 3406 rum,
932 3362 991 3414 que
1003 3343 1178 3396 movebantur
1188 3359 1237 3412 per
1250 3355 1337 3390 nerem

301 3426 364 3464 met.
377 3413 445 3465 llial.
458 3430 504 3478 no,
517 3432 543 3464 n.
556 3415 602 3477 28,
615 3417 660 3486 qui
673 3435 797 3470 auroram
845 3421 987 3492 deportata
998 3426 1138 3488 evenere,
1151 3431 1338 3492 comparentur

301 3491 437 3544 borealem
455 3512 470 3548 tt
488 3507 568 3563 pocta
589 3489 702 3548 describi
721 3511 797 3567 pute·
846 3501 1122 3573 cumclangoretubae.
1133 3498 1337 3572 Tyndenalpro

302 3571 462 3624 hat-523.
479 3573 517 3624 Ni
527 3573 631 3626 dedisset
637 3597 648 3634 ;
660 3593 728 3629 nova
740 3579 796 3628 for·
845 3581 1022 3652 Tyrrhenica)
1031 3584 1091 3634 tuba
1098 3621 1107 3648 ,
1118 3601 1132 3633 n
1142 3578 1296 3652 Tyrrhenis,
1309 3588 1338 3628 nt

302 3653 502 3717 mactationis,
515 3655 542 3703 in
555 3673 608 3724 qua
622 3657 703 3706 miror
716 3658 796 3707 inter·
845 3672 936 3710 uotum
956 3673 1009 3727 est,
1030 3664 1150 3722 intentu,
1170 3673 1197 3712 et
1216 3658 1319 3709 doctius
1331 3679 1337 3708 t

302 3745 390 3802 pretes
413 3751 466 3784 non
487 3733 599 3788 haesisse.
617 3735 722 3806 Ellipsis
740 3755 796 3789 esee
848 3738 996 3807 Tyrrhenus
1019 3739 1126 3812 clonpor
1150 3735 1337 3804 tute—529.

302 3809 383 3861 debet
396 3814 477 3864 totius
487 3815 691 3866 enuntiationis:
705 3825 731 3866 et
739 3817 799 3868 din·
844 3816 936 3888 pulsa,
954 3821 1089 3892 impulse,
1102 3821 1176 3872 alliso
1196 3817 1246 3869 sibi
1270 3817 1338 3866 inri-

305 3886 356 3937 tius
365 3889 443 3939 etiam
460 3891 487 3943 in
501 3911 531 3942 ea
548 3893 704 3965 capitatione
719 3891 799 3965 defixi
847 3916 919 3960 cem,
933 3909 1036 3964 tonare,
1051 3919 1099 3971 pro
1111 3897 1221 3968 simplici
1233 3913 1336 3946 sonore.

244 4007 249 4019 .
299 3964 483 4036 perstitissent,
497 3969 535 4020 Ni
546 3985 595 4026 etc.
609 3973 731 4044 vulgat-in
743 3975 798 4024 lor·
882 3977 939 4030 531.
962 3990 989 4028 et
1007 3981 1113 4051 aponvit
1131 3978 1196 4030 dinoe
1213 3975 1336 4048 promitte

304 4055 430 4095 meerat:
444 4049 640 4122 qunmsiynum
656 4048 743 4106 Venus
755 4054 798 4106 de·
842 4055 976 4128 parentis,
998 4070 1025 4110 et
1045 4078 1069 4111 v.
1090 4057 1140 4122 5³4
1159 4057 1215 4110 Hoc
1233 4055 1336 4128 tipum
