3028 4682
276 367 341 434 208
524 369 558 431 P.
583 367 815 440 VIRGlLll
839 370 1072 440 MARONIS

276 493 412 555 Parcere
426 487 594 580 subjectis,
608 507 642 555 et
654 490 820 558 debellare
832 494 1002 582 superbos.
1017 526 1029 554 s
1107 523 1110 532 v

319 598 371 662 Sic
383 615 476 684 pater
487 596 659 674 Anchises,
671 615 771 687 atque
784 599 854 664 haec
867 601 1061 668 mirantibus
1073 601 1184 667 addit:
1271 616 1316 664 855

279 703 459 791 «Adspice,
474 719 510 766 ut
522 703 658 790 insignis
670 704 784 791 spoliis
796 705 972 771 Marcellus
985 708 1104 794 opimis

276 808 476 897 Ingreditur,
491 809 661 897 victorque
673 810 761 874 viros
774 813 998 898 supereminet
1010 814 1131 878 omnis!

275 1003 354 1063 scripti
363 1012 386 1045 et
394 998 450 1046 editi
459 999 514 1046 inde
522 1000 551 1045 ab
558 999 627 1046 Aldd.
639 1016 691 1046 cum
699 1001 765 1046 llom.
774 1015 797 1048 et
804 1003 944 1050 Medic.8ed
951 1006 1095 1052 benellurm.
1104 1005 1205 1068 pretulit
1213 1010 1319 1072 pncr'sque

276 1087 303 1118 es
314 1069 420 1116 codicum
431 1083 497 1132 parte
506 1071 567 1117 Pier.
577 1071 656 1116 Heius.
666 1083 689 1117 et
697 1087 791 1117 suorum
802 1087 850 1118 non
860 1075 1046 1131 contemnenda;
1056 1091 1109 1121 uam
1117 1089 1158 1132 est,
1169 1092 1252 1122 morem
1256 1081 1319 1139 pacis

275 1146 401 1206 imponere,
416 1142 439 1186 lt.
453 1159 473 1187 c.
487 1142 550 1204 leges
564 1145 627 1205 pacis
639 1157 741 1204 ponere,
753 1145 829 1200 ferre,
843 1158 869 1190 ut
880 1145 921 1191 lib.
931 1147 953 1201 l,
971 1146 1028 1203 2643
1042 1148 1112 1193 uerba
1125 1159 1202 1194 umen
1215 1150 1249 1194 vir
1261 1148 1319 1194 doc-

275 1218 375 1262 tissimus
384 1218 460 1260 miuus
471 1214 532 1260 bene
541 1217 713 1276 interpretatur.
720 1218 828 1278 pacisque
836 1219 850 1260 i.
860 1233 957 1263 amorem
967 1217 1057 1264 Zulich.
1066 1222 1161 1282 pacique
1173 1224 1187 1263 i.
1197 1236 1275 1266 curum
1282 1236 1318 1282 pr.

275 1286 357 1330 llamb.
370 1299 442 1330 mores
452 1282 548 1330 Dorvill.
561 1309 592 1320 —
605 1283 657 1331 855.
671 1282 779 1331 ltocVen.
790 1285 824 1330 nis
834 1285 893 1332 alter
903 1289 984 1334 llamb.
994 1315 1026 1326 -
1034 1290 1087 1352 857.
1100 1292 1153 1334 viris
1164 1289 1223 1336 alter
1236 1289 1319 1336 Heruli.

274 1449 324 1499 sibi
344 1448 407 1518 ipsis
424 1446 577 1516 promittere
596 1457 712 1515 possent.
731 1443 773 1495 Ad
858 1447 1014 1502 856-860.
1031 1448 1129 1521 Spoliis
1147 1449 1257 1520 opimis,
1272 1467 1319 1499 oc·

274 1529 420 1598 Augustum
441 1523 574 1575 transtulit
592 1523 726 1575 llorut.C.
745 1523 770 1574 S·
822 1530 877 1579 ciso
908 1530 1057 1580 Insubrium
1085 1530 1222 1582 Gallorum
1251 1529 1319 1580 duce

276 1609 305 1660 51
322 1603 435 1656 bellante
444 1603 535 1675 prior,
548 1605 678 1672 jacentem
696 1603 773 1653 Lenis
821 1605 988 1658 Virdomaro.
1013 1609 1067 1659 Lis.
1090 1609 1158 1679 Epit.
1182 1609 1239 1659 XX.
1264 1607 1319 1660 vid.

277 1689 303 1739 in
330 1686 435 1738 ltostcm.
460 1688 493 1736 m
514 1686 563 1736 viri
589 1683 661 1735 docti
683 1686 709 1734 in
730 1682 772 1734 his
822 1687 939 1737 Perizon.
958 1687 1098 1739 Animadv.
1113 1707 1136 1739 c.
1149 1689 1205 1739 Vll.
1220 1686 1320 1738 Eadem

275 1786 356 1819 verss.
370 1768 507 1818 seientiam
518 1764 638 1828 civilem,
649 1782 694 1816 seu
705 1763 773 1834 poli·
822 1777 883 1815 sunt
895 1785 919 1816 r.
936 1767 987 1818 860
1000 1767 1076 1818 tertia
1091 1787 1164 1818 arma
1181 1777 1277 1837 captu,
1291 1765 1319 1816 h.

275 1849 372 1910 ticam,
383 1845 470 1916 lequm
485 1843 653 1894 ferendarum
664 1856 690 1894 et
703 1842 773 1892 mili·
823 1863 846 1894 e.
859 1847 937 1896 tertia
950 1845 1036 1917 spolia
1046 1849 1136 1917 opima
1149 1859 1211 1919 post
1222 1847 1321 1897 Romu·

276 1940 373 1988 tarem,
385 1941 534 1994 expressam
545 1942 560 1973 a
573 1933 665 1992 poeta,
676 1921 773 1988 verbo,
822 1922 907 1975 lumet
917 1924 1026 1976 Cossum
1035 1961 1043 1990 ,
1051 1926 1187 1997 suspendet
1195 1925 1319 1996 Quirino,

276 2008 364 2060 studia
383 2007 456 2079 pacis
472 2017 497 2056 et
508 2003 572 2055 belli
589 2003 714 2055 Romanis
728 2004 773 2052 tri·
822 2002 849 2054 h.
872 2024 895 2055 e.
914 2006 1037 2056 nomuto.
1059 2006 1141 2076 Atqui
1161 2025 1193 2057 cx
1216 2003 1320 2055 Romuli

274 2088 341 2140 buta
361 2101 489 2156 tanquam
512 2083 642 2154 propria,
667 2082 774 2146 volunt3
823 2083 943 2136 instituto
960 2086 1020 2136 tovi
1031 2087 1149 2136 Feretrio
1167 2084 1322 2137 ferebantur

276 2171 339 2220 satis
348 2179 455 2238 argute,
470 2167 492 2216 si
504 2163 583 2214 modo
596 2181 665 2214 vere.
677 2162 775 2214 Saltem
823 2163 910 2234 spolia
922 2167 1020 2236 opima.
1038 2165 1091 2216 sid.
1105 2165 1159 2215 Liv.
1173 2165 1200 2228 1,
1218 2181 1255 2215 to.
1269 2159 1322 2213 Sed

276 2252 313 2303 sic
324 2249 396 2321 pacis
418 2247 551 2317 imponere
570 2261 667 2295 morem
677 2246 725 2296 erit
738 2243 774 2294 le·
823 2245 910 2313 potuit
928 2247 1034 2297 serioris
1048 2247 1095 2296 evi
1114 2245 1206 2316 religio
1222 2245 1322 2294 Romu-

276 2349 321 2402 ges
332 2347 449 2401 ponere,
460 2323 590 2390 seribere,
604 2343 773 2394 perpacem,
823 2325 877 2376 lum
894 2327 954 2376 lovi
973 2327 1132 2398 adjungere3
1150 2337 1237 2396 potest
1256 2339 1322 2394 quo-

277 2412 304 2460 in
317 2427 383 2479 pace
395 2429 400 2456 :
414 2409 470 2456 fere
483 2417 511 2455 ut
521 2406 578 2454 AEu.
591 2405 616 2468 l,
631 2402 681 2467 264
691 2420 775 2472 popu·
824 2423 875 2476 que
891 2406 991 2457 dictum
1011 2425 1086 2471 esse,
1104 2407 1167 2476 quis
1188 2403 1322 2456 conditori

276 2489 365 2561 [osque
369 2487 471 2556 seroces
477 2482 634 2546 contundet,
642 2498 774 2552 moresque
823 2485 897 2536 urbis
910 2487 999 2538 omnis
1012 2486 1139 2556 preclara
1153 2497 1322 2556 posterorum

277 2569 339 2619 uisis
349 2577 375 2617 et
387 2563 482 2615 moenio
492 2573 581 2634 ponet.
823 2565 895 2616 locta
912 2566 939 2614 in
958 2564 1064 2616 leodem
1081 2563 1187 2616 cedunt.
1202 2565 1265 2615 Rern
1283 2576 1322 2614 ts-

313 2647 363 2698 853
377 2663 435 2714 sqq.
448 2642 574 2712 Sequitur
586 2640 659 2691 locus
672 2657 775 2692 sumtus
824 2663 885 2695 rnen
898 2644 950 2696 alio
969 2643 1177 2715 modotespedit
1197 2644 1321 2696 Servius:

277 2746 337 2780 cum
351 2737 406 2776 arte
420 2735 447 2774 et
458 2721 557 2794 ingenii
569 2733 706 2771 venustate
721 2719 777 2772 ela·
824 2725 962 2777 Possumus
972 2735 1014 2788 et,
1027 2723 1099 2797 quod
1109 2737 1144 2776 est
1158 2722 1251 2776 melius
1259 2762 1268 2789 ,
1280 2741 1321 2775 se·

276 2808 387 2859 boratus
402 2801 476 2855 dee.
493 2799 637 2865 Marcello,
657 2799 774 2851 Octaviae
823 2804 939 2854 cundum
963 2802 1045 2876 leqem
1071 2803 1166 2854 Numa
1190 2801 1261 2853 hunc
1283 2800 1323 2852 lo-

277 2889 307 2952 f,
318 2886 352 2938 ad
361 2901 440 2956 quern
448 2895 478 2933 ut
488 2879 666 2933 deduceretur
678 2880 774 2946 or'atio,
823 2901 883 2935 cum
900 2884 1035 2954 occipere,
1051 2883 1099 2955 qui
1112 2883 1253 2954 precepit,
1264 2881 1322 2952 pri.

277 2969 313 3018 M.
326 2965 467 3018 Claudium
480 2960 636 3012 Marcellum
645 2959 717 3012 bello
727 2961 775 3011 Pu·
824 2983 866 3015 ma
880 2965 967 3034 opimo
980 2963 1064 3035 spolia
1076 2963 1264 3014 lovi-Feretrio
1276 2961 1322 3012 de-

277 3049 338 3099 nico
356 3046 378 3096 ll
393 3043 493 3096 clarum
511 3038 622 3091 induxit.
637 3039 775 3091 Narratio·
825 3047 881 3098 bere
895 3045 1032 3116 suspendi,
1045 3044 1181 3116 φήμῃ
1194 3040 1322 3094 Romulus

276 3147 338 3179 nem
349 3125 383 3177 de
401 3123 462 3174 loco
481 3120 533 3171 hoc
554 3137 644 3170 coram
663 3118 775 3172 Octavio
819 3125 937 3196 fecorat,¹
948 3125 1060 3177 secunda
1072 3124 1168 3190 Marti,
1181 3124 1253 3195 quod
1265 3125 1323 3176 θος.

277 3208 346 3260 lecto
363 3204 424 3256 vide
436 3205 463 3254 in
472 3203 533 3252 Vita
545 3198 648 3270 Virgilii
661 3198 682 3268 §.
702 3200 735 3269 47
749 3211 775 3251 et
823 3225 864 3259 sus
869 3205 952 3275 fecit;
967 3205 1041 3256 tertia
1056 3204 1184 3275 Quirino,
1198 3203 1269 3275 quod
1274 3203 1321 3273 se-

276 3288 348 3340 Sers.
363 3285 429 3338 mlv.
443 3281 669 3349 nonsummum
682 3299 776 3332 narra·
824 3285 862 3336 cit
873 3283 1023 3336 Marcellus.
1040 3285 1096 3335 Nec
1113 3301 1254 3354 perperam
1265 3281 1322 3334 haec

277 3373 376 3420 tionem
389 3366 494 3418 Senecae
506 3361 587 3412 verba
599 3360 626 3412 in
638 3360 774 3412 Consolat.
826 3365 923 3416 tradita
935 3383 1008 3429 esse,
1020 3363 1166 3434 intelliges,
1186 3365 1207 3413 si
1217 3363 1322 3414 Plutar-

278 3442 529 3507 adlllarciarn2‚ubi
539 3440 776 3510 depertinariado·
825 3444 903 3495 chum
917 3444 1045 3496 evolveris
1053 3445 1079 3494 in
1089 3441 1218 3494 Marcello
1230 3461 1257 3512 p.
1271 3441 1321 3494 302

277 3531 342 3580 loris
354 3519 775 3578 Octavitezcenninacelebmndoe
824 3523 854 3575 C.
868 3525 992 3576 stlocum
1005 3525 1075 3574 Festi
1087 3522 1157 3593 apud
1173 3523 1289 3574 Periton.
1302 3520 1321 3571 l.

277 3605 401 3660 Marcelli
412 3603 544 3655 memorie
552 3602 693 3671 composita
701 3600 776 3652 alios-
823 3622 846 3655 c.
858 3623 918 3674 paq.
932 3602 983 3654 255
996 3619 1053 3672 sq,
1066 3601 1137 3653 uude
1148 3613 1253 3653 constat
1263 3599 1324 3652 vul·

277 3705 329 3758 qtae
339 3685 485 3737 studiorum
501 3681 609 3733 honores
622 3681 716 3752 rq'ecit.
730 3682 774 3732 vt·
823 3700 913 3752 parem
932 3699 990 3733 earn
1015 3683 1195 3733 Rornanorum
1216 3681 1322 3750 opinio-

277 3766 335 3816 deri
345 3776 433 3833 potest
444 3775 514 3812 totus
524 3761 598 3813 locus
609 3761 712 3831 reliquo
720 3763 775 3830 jam
824 3779 884 3812 nem
906 3761 1006 3827 fuisse,
1025 3773 1050 3812 et
1075 3761 1322 3830 interpretationem

278 3843 395 3896 carmine
417 3841 538 3891 absoluto
563 3843 677 3892 insertus
699 3857 775 3902 esse;
824 3840 900 3912 Legis
920 3841 1028 3906 Numa,
1046 3857 1103 3912 qnae
1122 3839 1156 3890 de
1175 3837 1260 3891 tribus
1282 3837 1324 3888 di-

278 3941 327 3974 nco
343 3934 430 3972 tamen
447 3919 624 3985 vitleo‚unde
639 3921 688 3970 viri
702 3919 775 3970 docti
824 3921 906 3970 versis
928 3919 1074 3990 spoliorum
1099 3918 1241 3990 generibus
1265 3931 1323 3969 erut

202 3997 210 4016 ’
277 4002 330 4054 ltoc
339 4011 465 4068 tanquam
474 3999 638 4072 exploratum
647 4001 711 4052 setis
723 4012 775 4051 tra·
824 3998 886 4050 luta.
905 3999 1012 4051 Poetam
1031 4011 1119 4050 autern
1136 3999 1211 4067 sequi
1231 3997 1324 4067 vulga·

277 4081 340 4134 dere
352 4077 464 4153 possint.
825 4095 880 4132 rem
897 4080 1050 4151 opinionem
1068 4079 1109 4130 fas
1126 4089 1174 4131 est.
1187 4077 1249 4128 Post
1265 4075 1322 4127 hue
