2968 4696
248 283 312 368 374
595 273 861 341 excursus
883 273 938 340 iv

282 399 402 454 Tandem
419 407 512 471 quarto
530 397 591 448 loco
610 398 707 468 ineptis
719 411 745 450 et
756 401 844 469 pravis
856 399 1023 472 etymologiis
1034 400 1146 454 turbatas
1159 417 1225 457 sunt
1236 404 1302 458 his-

247 479 321 530 toria
334 476 544 548 antiqureltalire,
555 475 617 546 plus
629 493 707 546 quam
717 476 789 528 credi
799 489 894 547 potest.
905 479 962 530 lice
975 479 1081 549 quidem
1092 481 1211 534 studium
1222 499 1304 538 vete·

248 578 290 612 res
303 577 345 612 res
358 578 389 612 ac
399 561 463 610 ritus
477 575 509 608 ex
519 557 655 608 nominum
667 557 767 627 origine
773 557 983 628 interpretandi,
996 561 1134 632 ipsamque
1151 563 1222 615 adeo
1234 583 1302 618 ver·

248 639 344 692 borum
363 641 492 710 originem
510 635 702 708 investigandi,
720 637 775 705 jam
791 639 860 690 inter
872 638 977 691 Graecos
993 658 1089 711 pamm
1102 642 1137 694 ed
1155 647 1301 698 sermonis

247 717 364 770 indolem
374 731 400 770 et
409 718 608 788 grammaticam
616 717 745 766 rationem
753 715 804 766 fait
813 729 965 781 tractatum,
973 719 1042 770 inter
1050 720 1185 772 Romanos
1196 736 1297 774 antem

247 800 318 848 intra
329 807 416 850 meros
428 815 552 848 sonorum
566 794 638 872 lusus
653 794 784 856 substitit;
801 796 874 866 quod
896 817 910 848 e
929 799 1063 866 Varrone,
1081 799 1196 869 Catone,
1210 801 1297 854 Cice-

248 897 312 930 rone
325 892 351 931 et
365 879 423 931 aliis
435 877 538 929 infinita
553 874 733 945 exemplorum
749 878 826 946 copia
844 876 936 942 dccet,
949 893 978 929 ut
989 879 1232 934 Grammaticorum
1245 901 1299 933 ro·

247 955 347 1010 lumina
359 961 470 1008 taceam.
483 955 582 1007 Eadem
594 971 637 1005 res
648 955 712 1024 ipsis
724 952 842 1006 historiis
855 969 881 1008 et
892 956 990 1008 fabulis
999 975 1074 1010 noxa
1085 961 1151 1026 luit,
1164 960 1231 1011 dum
1245 979 1298 1012 eas

246 1055 278 1088 ex
290 1038 426 1087 nominum
447 1035 593 1107 originibus
605 1035 770 1104 interpretati
782 1036 861 1087 variis
878 1035 965 1088 modis
978 1039 1172 1109 interpolamus
1183 1055 1298 1092 veteres

247 1119 399 1187 scriptores.
411 1118 447 1166 Ut
458 1116 572 1167 Umbros
590 1115 666 1184 qussi
684 1112 809 1166 Ombrios
825 1115 924 1182 dictos,
941 1115 1062 1170 'l'huseos
1074 1139 1089 1172 a
1101 1118 1223 1172 sacrifico
1236 1121 1296 1170 ritu

250 1193 350 1258 dictos,
365 1208 391 1246 et
403 1193 497 1246 similia
509 1194 646 1244 omittam:
660 1191 693 1243 de
705 1191 894 1264 Aboriginibus
907 1213 987 1265 quarn
1000 1197 1085 1248 multe
1095 1196 1133 1248 illi
1144 1199 1295 1248 commenti

248 1287 309 1325 sunt
321 1292 352 1327 ex
364 1275 436 1325 vocis
448 1276 528 1326 souol
542 1273 645 1322 Latium
655 1271 785 1324 aletendo
799 1291 880 1344 quum
890 1273 1038 1339 duxissent,
1048 1293 1105 1346 qua
1115 1293 1168 1326 non
1181 1277 1295 1348 excogi-

247 1367 337 1407 tarunt
351 1356 378 1406 in
391 1373 449 1406 earn
465 1357 534 1405 reml
548 1355 616 1403 lline
626 1353 689 1423 luga
701 1350 807 1404 Saturni
818 1355 845 1406 in
859 1353 998 1406 ltaliamet
1016 1353 1140 1408 latebrae
1153 1357 1231 1407 Anna
1242 1356 1294 1407 Pe-

246 1453 330 1486 renna
343 1436 370 1484 in
379 1433 490 1484 Didonis
504 1451 621 1483 sororem
632 1443 747 1496 mutata,
757 1445 784 1482 et
792 1432 915 1504 Nympha
927 1433 1097 1486 Numiciiilla
1107 1435 1193 1500 laeta,
1204 1452 1290 1504 quun

247 1512 299 1566 dea
311 1527 379 1566 esset
392 1533 424 1566 ex
436 1514 582 1584 indigetem
593 1528 717 1575 numero,
731 1525 758 1564 et
771 1511 936 1564 hauddubie
949 1515 1011 1564 anni
1026 1515 1102 1566 initia
1115 1515 1204 1565 fausta
1215 1513 1292 1564 desi-

247 1604 352 1662 gnaret:
366 1592 437 1641 conf.
454 1588 574 1641 Macrob.
592 1590 603 1640 l
618 1585 671 1636 Sat.
693 1600 721 1636 12
731 1605 738 1646 ς
750 1585 948 1637 ianuario-et
956 1585 1062 1657 publice
1078 1600 1104 1640 et
1113 1590 1236 1662 priuatim
1253 1591 1292 1640 ad

246 1673 356 1722 Annam
370 1670 517 1720 Perennem
529 1663 703 1737 sacrificatum
718 1664 784 1725 t'tttr,·
799 1675 935 1717 utunnure
945 1685 1141 1740 perennemque
1154 1670 1290 1720 commode

250 1747 334 1800 liceat.
344 1746 445 1814 Ardea,
453 1746 610 1799 Rutulorum
618 1742 681 1794 urbs
688 1779 696 1808 ,
704 1760 803 1794 nomen
812 1744 914 1796 hahens
923 1763 983 1796 cum
990 1764 1040 1797 ave.
1048 1747 1128 1799 ardea
1136 1765 1290 1810 commune,

247 1826 366 1880 fabulam
380 1824 523 1877 absurdam
534 1825 639 1896 peperit
650 1823 705 1873 avis
718 1840 749 1872 ex
763 1820 834 1874 urbis
845 1823 959 1875 incense
972 1823 1104 1875 cineribus
1121 1839 1218 1876 enatet
1231 1823 1288 1874 vid.

247 1908 326 1961 oud.
340 1908 402 1960 Met.
415 1907 485 1972 XIV,
498 1905 558 1976 5'74,
571 1905 631 1958 580.
642 1901 751 1974 Virbius
760 1900 840 1954 beros
852 1903 880 1954 in
891 1903 1063 1974 Hippolytum
1073 1903 1197 1969 deflexus,
1210 1904 1290 1974 quasi

249 1987 291 2040 bis
304 1991 361 2054 vir,
374 1993 400 2040 el
411 1990 470 2039 vine
483 1986 603 2040 redditus
616 1983 651 2035 ih.
665 1983 726 2046 XV,
739 1981 789 2051 497
803 2000 861 2053 sqq.
927 2035 930 2042 Δ

282 2068 374 2120 Fuisse
385 2070 440 2138 jam
456 2069 524 2118 inter
541 2065 646 2116 Grecos
656 2063 799 2132 scriptores
815 2057 934 2111 Dioclem
951 2060 1140 2132 Peparetltium
1159 2075 1186 2114 et
1202 2062 1291 2131 alios,

249 2153 296 2219 qui
313 2151 465 2203 Italicarum
484 2146 590 2198 urbium
606 2144 721 2212 origines
735 2139 807 2190 hune
820 2141 846 2190 in
859 2139 967 2192 modum
980 2143 1228 2212 interpretarentur,
1240 2142 1292 2193 do-

249 2247 310 2284 cent
322 2230 442 2302 exempla
454 2226 525 2298 apud
542 2227 649 2294 Dionys.
669 2221 715 2272 lib.
735 2219 807 2285 1,34
824 2237 863 2288 sq.
879 2220 913 2288 49
929 2239 986 2291 sqq.
1005 2239 1037 2289 7²
1055 2240 1113 2293 sqq.
1125 2223 1187 2274 Esse
1204 2225 1230 2274 in
1244 2221 1291 2274 his

162 2305 163 2308 Ἴ
250 2313 391 2387 Seymnam
402 2309 505 2361 videbis
514 2309 540 2358 in
554 2307 610 2374 ejus
622 2302 737 2353 carmine
746 2315 784 2349 rs.
797 2298 855 2351 225.
866 2300 895 2350 ln
909 2300 1043 2356 Parallelis
1055 2302 1196 2354 Plutarcho
1205 2301 1292 2354 trihu·

250 2395 285 2444 tis
298 2407 408 2462 magnus
424 2405 515 2440 eorum
527 2398 651 2436 numerus
664 2376 801 2443 laudatur,
820 2379 866 2448 qui
884 2378 977 2432 Italica
997 2382 1139 2452 scripsere,
1157 2381 1289 2434 Aristides

249 2472 382 2531 Milesius,
390 2465 559 2526 Theotimus,
568 2457 745 2521 Alexarchus,
754 2457 1289 2530 Cleonymus,The0philus,Dorotheus‚

252 2548 409 2612 Aristocles,
421 2545 572 2616 Meryllius,
584 2541 762 2612 Chrysippus,
774 2537 927 2610 Agesilaus,
943 2540 1126 2609 Aristobulus,
1137 2543 1288 2596 Alexander

248 2627 411 2700 Polyhistor3
424 2641 484 2676 curn
497 2623 538 2673 his
549 2623 653 2673 Xenion
666 2615 739 2688 apud
747 2615 866 2668 Macrob.
879 2619 890 2667 l
902 2616 956 2670 Sat.
968 2638 993 2688 9.
1006 2619 1082 2672 Adde
1099 2621 1139 2672 his
1157 2639 1218 2686 eos,
1239 2621 1287 2691 qui

247 2707 412 2778 Tyrrhenica
424 2706 597 2776 scripserant,
609 2713 637 2752 ut
650 2699 791 2751 Sostratus.
802 2697 959 2750 Omneshos
968 2700 1072 2754 Graecas
1081 2702 1187 2754 fabulas
1197 2705 1224 2753 in
1233 2704 1289 2754 lta-

247 2785 311 2840 liam
324 2785 488 2838 transtulisse
499 2793 623 2855 apparet,
637 2797 682 2832 seu
695 2778 821 2847 opinione
836 2775 905 2830 falsa
921 2777 1064 2849 deceptos,
1076 2797 1121 2832 seu
1133 2799 1216 2852 pravo
1229 2793 1288 2832 stn-

248 2865 293 2917 dio
306 2866 408 2918 ductos.
426 2865 541 2916 Omnino
554 2862 637 2913 serius
650 2857 685 2910 ad
697 2857 801 2908 Grecos
819 2855 970 2908 Italicarum
987 2875 1075 2910 rerum
1087 2862 1181 2912 notitia
1192 2859 1286 2931 paullo

247 2943 408 3000 luculentior
421 2947 549 3018 pervenit.
567 2944 635 2994 Nam
652 2939 730 2990 etiam
742 2935 788 2988 illo
800 2948 935 3008 tempore,
949 2956 1001 3008 quo
1014 2939 1097 2992 Greci
1108 2939 1220 2994 navibus
1232 2943 1287 2992 lte-

246 3021 289 3075 lire
301 3026 380 3078 litore
390 3022 608 3095 frequentabant,
621 3029 667 3070 aut
675 3016 776 3068 Graecia
786 3015 886 3086 Magna
899 3017 1050 3070 civitatibus
1063 3019 1160 3072 Grecis
1171 3021 1286 3091 potenti-

247 3101 298 3156 bus
319 3109 444 3172 florebat,
467 3105 604 3156 interiores
621 3111 707 3150 tamen
723 3106 806 3146 terras
824 3096 904 3166 pauci
921 3095 1018 3149 adiisse
1036 3099 1168 3150 sidentur.
1189 3101 1285 3168 ltaque

246 3190 409 3261 fragmenta,
424 3203 480 3255 quse
491 3201 522 3235 ex
533 3181 627 3252 priscis
636 3175 732 3228 Grecis
744 3173 918 3244 scriptoribus
930 3193 1000 3228 nova
1012 3194 1092 3249 supet·
1100 3179 1185 3230 Roma
1199 3189 1224 3229 et
1236 3195 1286 3228 ue·

249 3280 303 3320 tere
318 3267 394 3318 ltalia
406 3265 485 3315 affert
499 3263 589 3332 primis
605 3261 632 3310 in
651 3253 726 3307 libris
741 3253 898 3324 Dionysius,
918 3256 1011 3308 mnam
1030 3255 1144 3328 prodere
1160 3255 1285 3310 ridentur

250 3348 393 3409 inscitiam,
406 3337 543 3412 doctisque
555 3333 706 3391 hominibus
718 3349 827 3405 prorsus
839 3331 983 3405 indignam.

281 3427 396 3478 Fabulas
409 3435 495 3474 autem
511 3438 590 3493 super
601 3417 698 3471 Italicis
715 3413 794 3466 rebus
811 3413 979 3484 procudendi
996 3416 1149 3470 facultatem
1162 3431 1189 3472 et
1199 3429 1286 3472 mate·

247 3508 315 3559 riam
327 3507 424 3558 Graecis
438 3504 549 3577 ingeniis
561 3498 673 3572 praebuit
689 3496 808 3567 inprimis
827 3497 913 3566 primo
931 3497 1051 3549 Herculis
1069 3501 1201 3570 profectio
1222 3517 1285 3552 cum

246 3587 376 3660 Geryonis
396 3588 520 3639 armentis
536 3603 584 3655 per
600 3581 703 3634 ltaliam
719 3578 791 3630 lacta
811 3575 899 3645 (conl.
919 3578 1043 3649 Apollcd.
1056 3582 1093 3645 ll,
1107 3581 1139 3646 5,
1155 3579 1212 3652 to),
1226 3592 1284 3632 tum

247 3667 387 3719 Homerica
400 3667 518 3719 narratio
530 3663 618 3716 rnultis
634 3661 759 3728 mirisque
771 3656 868 3709 fabulis
883 3655 916 3710 de
928 3659 1007 3710 maris
1019 3671 1202 3732 terrarumque
1213 3659 1286 3713 lecie

245 3747 361 3808 variata,
373 3745 406 3797 de
422 3745 521 3817 Ulyssis
539 3741 686 3806 erroribus,
703 3751 729 3791 et
748 3735 782 3790 ad
801 3738 880 3790 ltaliae
894 3739 973 3793 litora
987 3761 1103 3798 accessu.
1117 3747 1157 3799 De
1170 3741 1285 3796 Hercule

247 3823 354 3894 quidem
365 3823 469 3876 fabulas
480 3827 646 3893 innumeras,
659 3841 781 3896 magnum
795 3827 915 3897 inprimis
930 3827 1035 3879 urbium
1047 3845 1186 3881 numerum
1201 3827 1284 3880 ltalioe

247 3904 282 3956 ab
295 3922 326 3956 eo
339 3903 380 3955 rcl
390 3904 423 3954 ab
436 3907 492 3973 ejus
503 3906 562 3958 liliis
575 3906 755 3972 conditarum,
767 3922 955 3972 narraverunt;
968 3911 1068 3984 Ulyssis
1083 3923 1171 3963 autem
1182 3927 1283 3981 proge-

243 3987 305 4054 nic,
318 3995 363 4038 aut
375 3986 507 4038 sociorum
522 3989 648 4060 stirpibus
661 4009 765 4045 omnem
779 3994 879 4064 passim
889 3993 993 4048 Italiam
1004 3993 1214 4065 frequentarunt.
1227 3990 1283 4061 Ipsi
