2968 4696
286 389 349 457 308
531 383 1074 452 nv1nG1L11Mnu0rtts

285 508 416 577 Insidiis
428 529 592 600 cursuque
605 509 689 576 faras
700 507 843 597 agitabat
855 507 960 588 lulus;

284 618 348 684 Hic
359 615 501 682 subitam
513 613 648 681 canibus
660 613 784 678 rabiem
797 615 929 702 Cocytia
940 613 1033 702 virgo

285 722 420 813 Objicit,
435 737 467 786 et
478 738 558 786 noto
570 721 657 786 naris
668 720 829 806 contingit
840 718 958 799 odore,
1281 731 1338 790 tao

285 829 331 892 Ut
343 850 476 893 cervum
487 824 640 891 ardentes
652 839 804 912 agerent:
818 846 893 913 quse
904 824 1010 912 prima
1021 821 1172 889 laborum

285 937 406 1000 Caussa
417 933 493 1012 fuit,
506 931 661 1020 belloque
673 931 799 994 animos
811 928 966 995 adcendit
976 931 1121 1017 agrestis.

285 1042 408 1104 Cervus
421 1051 490 1101 erat
502 1036 607 1100 forma
618 1035 783 1123 praestanti
796 1051 830 1099 et
841 1033 995 1100 cornibus
1007 1035 1136 1122 ingens,

284 1141 457 1234 Tyrrhidae
469 1142 563 1231 pueri
577 1163 677 1230 quem
688 1141 799 1204 matris
810 1139 852 1204 ab
864 1139 966 1204 ubere
979 1155 1110 1229 raptum

285 1248 476 1326 Nutribant,
489 1245 725 1336 Tyrrbeusque
737 1262 844 1334 pater,
858 1246 912 1310 cui
923 1245 1013 1332 regia
1023 1261 1140 1333 parent
1278 1256 1330 1315 485

286 1358 456 1433 menta,
470 1367 503 1416 et
513 1351 578 1416 late
590 1350 738 1417 custodia
750 1349 874 1416 credita
885 1352 1001 1438 campi.

225 1602 229 1616 ·
289 1571 482 1635 distinguendus:
494 1572 557 1616 Dum
568 1575 725 1618 Turntss-ss
736 1587 756 1617 c.
768 1569 819 1618 ulis.
832 1571 888 1618 Arte
897 1585 966 1628 noun,
978 1585 1012 1634 sp.
1019 1568 1133 1624 uiuite,
1142 1569 1186 1614 liic
1196 1585 1216 1615 s.
1224 1569 1330 1634 -otjt-

286 1647 319 1690 eit
328 1655 373 1689 etc.
384 1667 416 1678 -
427 1641 481 1702 478-
491 1641 555 1703 nefus
565 1641 680 1704 proforus
691 1640 761 1687 Gotb.
772 1653 825 1688 tert.
836 1667 868 1678 -
878 1641 931 1705 479.
942 1642 1050 1696 Cocitico,
1062 1641 1161 1686 tactum
1173 1640 1280 1686 aberratt.
1290 1665 1326 1676 —

286 1712 341 1768 48ι.
351 1715 436 1774 uqitent
445 1711 506 1756 Von.
517 1711 559 1774 qui
568 1712 649 1756 Fraus.
662 1723 685 1757 et
696 1727 739 1773 pro
752 1728 797 1758 rar.
810 1710 864 1758 leot.
877 1728 913 1774 pr.
926 1711 1052 1774 ilsmbutg.
1066 1709 1166 1758 laborum
1177 1725 1229 1756 cum
1238 1709 1327 1757 melio-

285 1782 350 1829 ribus
359 1782 437 1828 Heiut.
448 1792 500 1844 pust
511 1782 572 1826 Pier.
582 1780 704 1844 devulgo,
716 1779 837 1838 malonem,
847 1798 875 1828 ex
884 1784 955 1845 intpr.
964 1807 996 1818 -
1004 1781 1057 1838 liin.
1070 1784 1156 1828 numus
1167 1797 1202 1844 pr.
1213 1782 1324 1828 Rottcnd.

286 1849 383 1897 inscendit
390 1866 426 1912 pr.
436 1845 528 1912 Meusq.
538 1850 654 1896 concmdit
664 1845 739 1914 biq'ot.
752 1875 784 1886 —
796 1849 939 1915 483.meoe
948 1854 1066 1914 prestanti
1075 1852 1165 1913 liuqeu.
1179 1864 1203 1898 tt
1214 1867 1248 1914 pr.
1263 1852 1326 1898 uos·-

285 1921 439 1984 tend.formoe
446 1930 556 1984 prestans
566 1924 639 1985 bigot.
652 1939 673 1969 r.
685 1925 734 1968 AEn.
744 1925 766 1980 1,
777 1939 814 1986 7¹·
826 1949 856 1960 —
866 1924 919 1981 484.
933 1923 1060 1985 Tbym'doe,
1078 1924 1179 1982 Tyridoe,
1196 1924 1289 1980 Tiridoe,
1300 1935 1327 1970 et

288 1993 383 2049 Tbt'rus,
395 1996 486 2048 Tit-rus,
501 1995 586 2048 Tit-ius,
600 1996 686 2052 Tyrus,
701 1997 802 2055 Tyrrus,
812 1994 920 2040 aberratt.
932 2019 964 2031 ·-·
974 1994 1027 2052 485.
1045 1991 1188 2058 Tyrrhusque
1204 1995 1281 2040 licius.
1294 2009 1326 2041 ex

284 2067 351 2113 libris
359 2065 457 2112 maluit:
471 2079 515 2110 nec
527 2063 594 2111 aliter
603 2063 672 2111 stud.
685 2079 707 2112 et
719 2065 774 2112 binc
786 2065 875 2112 ductae:
888 2082 945 2130 quas
954 2066 1055 2112 deseruit
1067 2065 1259 2122 Commeliniam,
1272 2081 1327 2128 qu:

284 2137 416 2186 Palatinum
425 2136 531 2183 codicem
541 2139 664 2199 expressit,
674 2137 854 2194 Pulmsuuiens,
865 2150 888 2184 et
898 2136 955 2183 sliu.
969 2139 1027 2183 Ante
1037 2137 1157 2183 Heiusintn
1169 2136 1209 2196 (b.
1224 2153 1244 2183 e.
1258 2139 1326 2183 iniis

285 2209 439 2265 editionibus,
449 2208 535 2272 quibus
545 2208 654 2255 utebatur
664 2209 757 2266 licina,
768 2223 824 2272 pute
837 2209 891 2255 edd.
903 2211 962 2254 Dan.
977 2209 1077 2264 Heinsii,
1089 2208 1212 2254 Pulmnnui
1223 2221 1246 2255 et
1256 2209 1327 2256 timi-

284 2282 334 2342 les)
343 2281 464 2344 legebatur
475 2278 644 2344 Minusque,
653 2281 718 2344 quod
726 2282 847 2344 praeierss,
856 2283 910 2344 quia
920 2279 992 2327 altera
1001 2283 1027 2326 iu
1039 2279 1160 2340 Tyrrhides
1168 2297 1181 2326 a
1190 2293 1257 2343 poeta
1267 2296 1325 2344 prn-

285 2353 355 2399 ducu
364 2363 411 2407 sst;
423 2342 532 2412 Traiicit,
544 2346 666 2412 Tulitiiist·
679 2351 815 2414 Exemplum
828 2353 853 2396 iu
867 2351 1009 2397 contrarium
1021 2366 1070 2398 csse
1083 2363 1159 2413 potest
1171 2349 1257 2396 Belides
1269 2365 1323 2412 sup.

284 2421 326 2468 lib.
337 2422 370 2474 11,
387 2419 429 2474 82,
445 2418 487 2465 ted
497 2432 583 2464 nomeu
593 2417 654 2464 illud
668 2419 744 2467 adbuc
755 2431 887 2482 suspectum
898 2419 982 2466 beben.
993 2420 1052 2466 Tum
1064 2434 1113 2465 non
1123 2434 1181 2468 reus
1193 2432 1227 2466 est
1239 2419 1325 2466 ubter-

283 2492 348 2535 vntio
354 2488 479 2534 doctissimi
488 2487 554 2533 Ouvr.
562 2489 629 2533 Nost.
637 2489 724 2550 liugan.
734 2505 758 2552 p.
766 2489 820 2552 607,
830 2488 956 2536 multotum
963 2492 1083 2536 nominum
1092 2489 1150 2536 duas
1160 2505 1208 2536 esse
1217 2491 1324 2536 termina·

284 2561 372 2612 tiones,
383 2557 447 2602 unde
455 2555 544 2602 diversa
554 2560 713 2621 patronymica
721 2559 789 2606 ducta
797 2562 858 2606 siut:
871 2559 1013 2620 Tyudon'dus
1023 2560 1147 2616 babemus,
1161 2577 1233 2623 quum
1245 2573 1322 2607 umen

275 2632 278 2638 '
288 2625 418 2685 Tyndareus
426 2625 598 2687 frequentetur;
606 2627 651 2672 fuit
658 2629 729 2690 igitur
736 2631 804 2675 etiam
813 2629 938 2692 aliquando
952 2629 1078 2689 Tyndarus.
1089 2629 1122 2675 lta
1130 2632 1198 2676 etiam
1208 2627 1322 2689 Tyrrbeus

284 2708 308 2742 et
317 2694 432 2754 Tyrrhus,
441 2694 506 2758 quod
518 2694 572 2741 alibi
585 2698 694 2742 occurrit.
707 2697 754 2745 rid.
765 2701 790 2744 iu
802 2701 867 2746 Nota.
877 2699 968 2758 -486,
982 2699 1022 2745 luti
1032 2701 1097 2745 bom.
1106 2700 1148 2747 sed
1158 2703 1218 2747 Pier.
1227 2716 1320 2764 spreve-

279 2775 331 2824 rat,
345 2767 453 2812 Heinsius
469 2776 546 2812 sutem
560 2781 573 2811 e
589 2765 674 2814 Medic.
689 2768 787 2834 aliisque
799 2769 940 2834 praetstlernt.
954 2771 1031 2834 Recto,
1040 2787 1096 2820 tero
1112 2773 1190 2819 burm.
1206 2773 1320 2820 revocarit

283 2955 375 3009 dolum
385 2953 520 3010 meditata.
531 2959 617 3031 Supte
627 2961 652 3027 1,
664 2961 715 3034 657
726 2987 731 3015 :
744 2964 782 3016 At
828 2965 862 3017 33
872 2981 912 3036 sq.
929 2977 955 3017 et
966 2965 1041 3018 Statii
1057 2963 1145 3015 locum
1161 2960 1195 3014 de
1210 2961 1319 3034 tigribus

284 3035 410 3108 Cytherea
422 3056 501 3090 novas
509 3049 670 3104 artes,nova
676 3055 780 3114 pectore
827 3045 924 3097 Buccbi
959 3046 1147 3098 mansuefactis
1184 3055 1322 3115 comparat

283 3115 616 3184 uersatConst'lt'a.·-480.
631 3120 721 3191 prima
740 3123 779 3174 lu·
827 3121 1319 3195 (ThebVll,bfiieqq.).Deidqenus
1371 3163 1373 3166 -

282 3196 374 3272 borum
401 3214 491 3248 caussa
516 3195 583 3267 fuit.
615 3199 779 3271 Comparent
826 3203 1005 3255 animantibus
1024 3203 1059 3254 cf.
1081 3203 1152 3254 virus
1167 3201 1261 3254 doctos
1285 3200 1318 3254 ad

280 3272 356 3325 Iliad.
370 3273 445 3335 nus.
463 3291 495 3340 χ,
519 3275 581 3338 116;
603 3290 642 3329 est
662 3281 778 3350 primum
825 3281 1282 3354 Lucian.preMerced.Conduct.c.
1296 3297 1317 3332 t.

279 3353 384 3404 initium
407 3352 601 3422 calamitatum,
626 3375 684 3428 qun
706 3361 777 3413 inse-
828 3360 1133 3432 Tynbidoepueri,pro,
1141 3358 1251 3432 Tyrrlsci
1262 3359 1317 3411 bin

281 3444 368 3503 quatre
380 3445 449 3483 sunt.
825 3440 884 3490 Fuit
897 3453 986 3494 autem
997 3458 1095 3492 nomen
1107 3439 1158 3492 boc
1170 3442 1197 3492 iu
1209 3439 1320 3492 historie

283 3583 285 3589 Ι
314 3513 366 3580 483
394 3530 452 3584 sqq.
477 3512 572 3566 Molles
598 3527 624 3567 et
647 3515 775 3570 bucolicis
823 3517 989 3570 Albanorum
1008 3537 1100 3590 regum
1119 3537 1173 3569 non
1192 3518 1317 3589 ignobile.

278 3592 418 3663 propiores
449 3609 541 3644 versus
567 3607 642 3660 sunt,
669 3598 714 3666 qui
736 3616 776 3650 se-
823 3595 939 3669 Tyrrhus
957 3599 1027 3650 euim
1048 3611 1105 3650 etat
1126 3599 1191 3670 regii
1208 3599 1320 3650 armenti

279 3684 409 3744 quuutur,
425 3671 498 3742 quod
516 3677 620 3726 monuit
637 3674 772 3746 Spencius.
822 3679 962 3748 magister,
977 3677 1049 3748 apud
1061 3697 1139 3748 quem
1151 3677 1262 3729 Lavinis
1273 3677 1319 3730 Sil-

277 3751 379 3804 Similes
404 3751 504 3805 deliciae
525 3753 657 3826 cyparissi
680 3776 773 3810 cervus
821 3758 892 3808 vium
905 3759 982 3809 enixe
991 3770 1045 3808 eet:
1059 3776 1083 3808 v.
1097 3758 1189 3810 Victor
1200 3759 1232 3811 0.
1245 3757 1277 3809 G.
1286 3757 1318 3808 R.

210 3853 215 3860 ·
278 3827 349 3900 apud
361 3828 438 3880 Orid.
456 3829 519 3882 Met.
532 3833 570 3898 X,
589 3849 707 3906 toqsqq.
726 3855 773 3888 oc·
825 3835 864 3886 16.
882 3837 916 3887 cf.
936 3836 1007 3890 Serv.
1028 3835 1063 3887 ad
1081 3837 1132 3900 Vl,
1147 3836 1319 3906 760compa·

277 3920 400 3970 currunt,
432 3908 478 3960 sed
505 3912 617 3979 juvenili
649 3917 772 3970 carminis
821 3929 879 3968 rato
896 3916 1004 3989 Dionys.
1027 3918 1053 3983 1,
1074 3934 1121 3987 70,
1140 3915 1187 3968 ubi
1209 3913 1318 3985 nuiitrit
1344 3941 1345 3946 ¹

275 3987 379 4040 luxuria
387 3988 515 4057 expolite.
522 3989 659 4063 Calpurnii
666 4012 772 4068 quoque
820 3993 963 4066 depravate
973 3998 1165 4068 scriptumest,
1175 4011 1202 4048 et
1211 3998 1238 4048 in
1247 3997 1316 4050 libro

274 4066 448 4119 imitationem
458 4067 716 4128 nutaritCertlaEcl.
725 4069 770 4142 VI,
820 4074 853 4128 tle
864 4075 976 4148 Augusti
985 4079 1111 4149 progenie
1123 4095 1183 4148 cap.
1201 4079 1231 4132 18
1243 4077 1316 4148 Tity-
