2956 4680
259 315 322 402 476
612 304 877 368 excursus
902 306 940 369 11

257 435 337 496 bant,
351 450 400 482 nec
409 429 529 482 homines
539 431 566 480 in
580 415 625 495 iis,
638 430 689 479 nisi
701 429 754 480 rari
764 440 790 480 et
799 427 920 500 palantes
931 429 1040 480 aeleri.
1056 413 1234 480 Sallustius
1243 431 1274 480 in
1283 429 1357 481 Catil.
1425 428 1430 457 ²

259 533 317 583 cap.
331 513 347 564 6
359 511 526 582 Aborigines,
537 527 619 582 genus
632 507 769 560 bominum
782 519 894 579 agreste,
906 509 962 559 sine
974 507 1100 580 leqibus
1110 547 1123 573 ,
1139 509 1210 560 sine
1225 511 1356 580 imperio,

259 591 369 643 liberum
379 605 457 662 atque
465 588 587 642 solutum.
597 589 755 659 Aborigines
765 587 814 638 hos
824 589 906 640 fuisse
916 590 1115 640 manifestum
1129 603 1196 656 est,
1210 607 1271 640 non
1281 591 1356 659 quasi
1433 629 1434 636 ,

257 671 310 723 hoc
322 671 458 722 hominum
470 670 512 722 vel
524 671 609 741 gentis
622 688 717 720 nomen
728 670 865 740 proprium
879 669 913 719 sit
926 668 1123 734 babendum
1140 670 1199 721 sed
1214 670 1355 720 communi

258 749 310 801 boc
318 749 399 800 verbo
408 750 535 820 appellati
544 761 627 800 sunta
637 746 811 818 scriptoribus
821 748 899 818 primi
908 747 947 798 illi
957 747 1099 800 homines
1111 751 1230 820 ignotae
1242 748 1354 818 quidem

259 829 381 899 originis,
394 828 428 880 ad
441 829 587 879 Ausonium
606 839 694 878 tamen
712 843 809 876 nomen
827 843 857 877 ac
870 843 966 896 genus,
987 839 1016 876 ut
1036 827 1218 896 probabile
1238 827 1269 875 lit
1282 823 1351 894 (rid.

260 927 320 979 sup.
331 909 437 960 Excurs.
450 910 484 958 lV
497 909 542 960 lib.
553 907 628 978 Vll),
640 906 787 970 referendi,
801 907 846 976 qui
857 905 890 956 ab
904 908 1006 978 origine
1019 907 1193 958 incoluere
1208 906 1276 957 loca
1285 907 1350 956 citra

259 986 384 1038 Tiberim.
399 983 538 1054 Brpnpirwc
550 989 738 1056 interpretatus
752 997 790 1035 est
802 982 961 1056 Lycophron
971 1003 995 1034 v.
1011 985 1103 1036 1253.
1120 985 1228 1051 Quum
1244 997 1351 1052 tempo-

259 1067 296 1116 ris
309 1084 431 1120 successu
443 1084 529 1116 mores
543 1065 667 1136 legesque
680 1064 719 1114 illi
732 1082 858 1134 accepere
869 1063 1033 1115 advenarum
1050 1083 1176 1134 opera,
1193 1080 1244 1115 eas
1259 1061 1346 1112 Pelas·

260 1161 308 1214 gos
318 1145 418 1214 primos
428 1145 582 1216 Dionysius,
591 1145 721 1213 Trojanos
733 1142 889 1206 Sallustius,
900 1143 1020 1194 intulisse
1031 1145 1141 1204 aiunt;
1154 1142 1211 1194 sed
1225 1157 1345 1192 commu-

259 1223 335 1274 niore
348 1224 432 1287 fama,
452 1225 549 1274 rictum
568 1225 645 1292 primi
656 1221 778 1273 homiues
795 1223 821 1272 in
835 1221 876 1272 his
889 1221 954 1273 locis
972 1222 1149 1292 cultumque
1166 1220 1316 1272 meliorem
1327 1236 1343 1266 a

260 1299 371 1352 Saturno
384 1315 491 1354 auctore
503 1304 636 1372 accepisse
648 1300 805 1368 traduntur,
816 1303 843 1351 in
856 1302 930 1370 cujus
944 1319 1096 1371 personam
1109 1300 1243 1351 Romani
1255 1311 1339 1348 trans·

261 1380 345 1434 tulere
357 1401 465 1434 aureum
478 1384 601 1435 seculum
621 1395 646 1434 et
666 1381 717 1433 alia
733 1381 823 1452 plura,
839 1400 896 1452 qua
912 1381 1064 1432 Graecorum
1082 1377 1176 1450 Χρέως
1192 1380 1337 1430 hominum

262 1462 356 1511 animis
367 1461 537 1530 subjiciebat,
550 1480 632 1533 quum
644 1462 724 1514 semel
737 1475 877 1532 utrumque
895 1479 952 1513 esse
962 1460 1079 1513 eundem
1103 1470 1267 1533 putarent,
1282 1473 1332 1505 non

262 1539 370 1592 meliore
375 1543 449 1609 jure,
463 1560 540 1610 quam
551 1560 631 1612 quum
639 1543 778 1592 Poenomm
788 1540 865 1606 Baal,
875 1540 916 1592 vel
925 1540 1066 1592 blolocbus
1078 1559 1140 1612 pro
1150 1540 1277 1591 Saturno
1285 1535 1332 1584 ba·

262 1616 334 1669 bitus
348 1633 393 1670 est.
403 1620 504 1673 Abboc
512 1622 617 1672 Saturni
629 1622 751 1692 profugi,
764 1633 789 1672 et
802 1619 907 1672 latentis
917 1623 942 1671 in
951 1619 992 1671 bis
1005 1623 1084 1672 terris
1100 1621 1253 1680 adventu,
1264 1613 1332 1666 latii

263 1713 359 1748 nomen
373 1701 467 1768 repetit
480 1713 561 1770 pocta
575 1702 708 1751 communi
718 1700 890 1770 popularium
899 1718 987 1752 errore
998 1719 1027 1751 ex
1035 1702 1137 1771 inepta
1148 1695 1321 1770 etymologia

262 1773 315 1824 vid.
330 1793 387 1844 sup.
401 1777 507 1828 Excurs.
521 1778 602 1846 wad
615 1777 661 1828 lib.
674 1779 730 1828 Vll.
744 1780 773 1828 ln
788 1791 891 1848 partem
903 1779 1024 1831 beneficii
1037 1780 1133 1830 cultus
1150 1776 1277 1829 melioris
1289 1771 1325 1822 al·

261 1852 308 1904 lati
322 1853 466 1908 advocatur
479 1857 513 1908 ab
526 1858 584 1911 aliis
596 1860 695 1923 lanus,
707 1859 753 1928 qui
765 1857 906 1910 Saturnum
918 1859 1035 1929 bospitio
1047 1861 1200 1930 excepisse
1217 1855 1319 1906 dicitur,

263 1933 334 1981 conf.
348 1933 467 1986 Macrob.
483 1935 535 1988 Sat.
550 1939 574 2002 l,
589 1955 612 2006 7.
626 1937 714 2004 Quum
727 1937 808 1989 semel
820 1956 900 1988 astrea
912 1948 973 1990 oetus
985 1939 1011 1989 in
1021 1938 1134 1989 Saturni
1149 1953 1239 1988 aevum
1253 1941 1319 1983 esset

264 2014 377 2080 rejecta,
391 2017 469 2067 etiam
489 2019 601 2070 ferream
618 2030 720 2069 atatem
736 2018 770 2069 ab
789 2019 844 2086 ejus
864 2035 972 2069 excessu
989 2020 1155 2070 successisse
1176 2009 1319 2086 probabile

263 2092 349 2145 videri
360 2095 460 2147 debuit.
472 2098 565 2168 ltaque
577 2112 658 2169 poeta
667 2117 691 2148 v.
706 2098 758 2150 326
772 2097 892 2149 Deterior
904 2097 984 2148 donec
998 2096 1149 2168 paullatim
1167 2113 1203 2146 ac
1214 2087 1314 2144 decolor

265 2182 341 2238 oetos,
350 2175 376 2222 E
379 2174 457 2226 thelli
466 2178 558 2241 rabies,
567 2178 795 2229 etamorsuccesrit
806 2175 926 2227 trahendi.
938 2177 970 2227 Et
978 2177 1011 2228 ud
1022 2177 1070 2228 bas
1078 2191 1239 2248 temporum
1247 2171 1313 2220 vices

263 2253 389 2321 preclare
403 2258 483 2308 refert
501 2271 581 2328 poeta
598 2259 685 2308 varias
703 2258 839 2320 fortunas,
859 2257 955 2326 quibus
975 2269 1063 2326 partes
1077 2255 1121 2306 bae
1142 2253 1228 2307 ltaliae
1240 2251 1309 2300 fuere

261 2332 374 2398 jactata.
389 2333 430 2384 sd
442 2334 594 2387 historicam
608 2350 695 2387 tamen
708 2335 879 2388 subtilitatem
891 2353 985 2404 parum
997 2335 1203 2386 accommodate
1216 2330 1308 2380 dixisse

264 2410 347 2462 videri
356 2413 451 2465 debet:
468 2417 535 2466 Tum
544 2435 636 2466 suanus
643 2415 772 2478 Ausonia,
781 2427 899 2488 etgentcs
909 2434 998 2467 venere
1006 2416 1117 2466 Sicana.
1127 2418 1200 2468 Nam
1210 2407 1308 2470 Sicani,

266 2494 315 2541 etsi
323 2505 402 2560 poeta
410 2512 455 2544 eos
468 2496 525 2546 aliis
537 2493 715 2565 quoquelocis
728 2495 804 2563 (Vll,
818 2495 884 2566 795,
898 2509 922 2547 et
933 2497 982 2560 xl,
995 2496 1062 2566 317)
1072 2499 1210 2557 nominat,
1223 2488 1303 2542 nullas

265 2569 292 2618 in
306 2571 381 2621 ltalia
393 2571 469 2624 sedes
485 2574 616 2639 habuere,
634 2575 681 2626 sed
701 2593 731 2626 ex
748 2577 876 2646 Hispania
889 2594 904 2627 a
916 2575 1056 2648 Liguribus
1068 2576 1139 2646 pulsi
1152 2579 1180 2627 in
1194 2571 1305 2624 Siciliam

267 2649 441 2716 trajecerunt,
458 2653 504 2704 ubi
517 2655 643 2723 temporis
660 2670 784 2704 successu
802 2654 904 2705 Siculos
914 2657 993 2706 ¹nacti
1011 2667 1071 2707 sunt
1083 2655 1208 2716 accolas,
1222 2649 1264 2720 qui
1274 2662 1302 2696 er

265 2725 340 2776 Italia
348 2730 530 2800 profugerant.
540 2734 589 2782 Pro
597 2729 693 2782 Siculis
704 2734 807 2802 itaque,
820 2751 883 2798 seu,
896 2745 925 2784 ut
936 2733 1057 2804 equidem
1068 2731 1133 2784 mibi
1144 2726 1301 2804 persuadeo,

266 2803 340 2872 quod
352 2820 473 2860 auctores
486 2809 612 2874 haberet,
626 2812 670 2881 qui
683 2813 718 2862 ita
732 2809 881 2878 traderent,
896 2830 958 2878 seu,
974 2811 1046 2882 quod
1064 2812 1170 2863 Servius
1185 2807 1301 2861 statuisse

265 2882 370 2935 videtur
380 2887 414 2938 ad
426 2888 475 2952 Xl,
488 2889 553 2958 317,
566 2891 700 2960 poeticum
713 2907 812 2941 morem
827 2903 967 2961 sequutus,
980 2891 1089 2942 Sicanos
1100 2888 1165 2942 dixit
1177 2891 1264 2950 Maro,
1273 2893 1298 2930 ut

263 2960 319 3028 jam
331 2961 453 3017 Cluverio
469 2967 636 3020 observatum
649 2968 694 3020 lib.
708 2969 756 3034 lll,
767 2989 790 3020 c.
804 2971 828 3028 l,
840 2989 868 3040 p.
880 2971 944 3039 788,
955 2971 1004 3020 etei
1017 2971 1096 3021 etiam
1107 2967 1153 3020 alii
1163 2967 1300 3035 scriptores

265 3042 379 3095 eundem
391 3064 506 3099 errorem
521 3049 696 3114 admiserunt,
711 3067 735 3099 v.
752 3069 774 3100 c.
793 3049 859 3100 Gell.
871 3051 896 3114 l,
915 3067 959 3115 to,
973 3069 1035 3100 cum
1050 3048 1171 3099 Macrob.
1185 3050 1196 3097 l
1210 3045 1257 3096 Sat.
1273 3038 1293 3090 5·

265 3120 384 3175 Maronis
404 3127 523 3197 exemplo
542 3129 648 3180 Sicanos
664 3128 766 3178 Rutulis
786 3131 872 3179 socios
890 3128 987 3198 adjecit
1000 3127 1045 3179 lib.
1063 3129 1137 3190 Ylll,
1154 3126 1204 3178 35ss
1216 3121 1293 3174 Silius.

265 3199 418 3255 Tenuerant
431 3220 517 3257 autem
530 3207 610 3259 Siculi
623 3207 682 3259 loca
697 3209 764 3259 inter
775 3208 892 3260 Tiberim
908 3222 933 3259 et
950 3209 1029 3258 Lirim
1043 3229 1048 3257 ι
1061 3205 1113 3276 (cf.
1128 3201 1298 3276 Dionys-129

267 3296 294 3333 et
306 3283 339 3334 al.
353 3287 475 3356 Inprimis
485 3288 513 3339 id
526 3300 636 3341 testatur
648 3301 723 3341 retus
736 3290 872 3341 oraculum
882 3290 996 3361 Pelasgis
1004 3288 1109 3339 datum:
1119 3287 1226 3351 resim
1232 3273 1294 3347 peri·

263 3381 327 3426 passu
340 3367 438 3419 strues
450 3367 582 3437 §arripior
600 3363 668 3430 aler,
687 3368 725 3420 id*
741 3369 909 3436 ’turpantem
928 3372 983 3420 sive
1002 3387 1063 3419 vere
1082 3369 1219 3437 antiquum
1237 3353 1294 3411 illud

265 3443 333 3508 fuit,
347 3447 400 3498 sive
418 3448 501 3498 serius
518 3447 606 3499 lictum
615 3449 633 3519 )
649 3449 716 3501 Sane
730 3448 775 3499 ulii
793 3447 894 3499 Siculos
907 3447 942 3498 ad
954 3449 1105 3498 inferiorem
1118 3445 1219 3496 ltaliam
1231 3431 1293 3491 etad

267 3523 342 3574 sedes
352 3526 543 3577 OEnotriorum
556 3541 695 3592 revocant,
708 3528 805 3598 quibus
820 3528 932 3591 relictis,
953 3526 992 3578 illi
1004 3528 1031 3576 in
1044 3524 1159 3576 Siciliam
1172 3518 1292 3592 trajecisse

266 3617 425 3659 narrantur:
440 3621 466 3660 et
477 3605 558 3660 babet
570 3610 662 3678 utique
680 3608 733 3660 boc
752 3607 967 3678 probabilitatem
979 3625 1009 3658 ex
1022 3625 1070 3671 eo,
1088 3603 1160 3675 quod
1173 3625 1187 3656 e
1200 3597 1293 3674 prop50·

266 3681 339 3731 ribus
353 3683 418 3738 locis
431 3690 536 3741 facilior
548 3706 604 3741 esse
617 3689 709 3740 debuit
721 3691 843 3757 trajectus
856 3689 882 3737 in
893 3686 1020 3750 insulam,
1034 3702 1113 3754 quam
1122 3679 1289 3735 erloeisciru

266 3761 392 3813 Tiberim·
412 3767 552 3822 Enimvero
573 3786 626 3820 non
639 3769 689 3818 nisi
702 3769 804 3820 incerta
816 3765 849 3817 de
861 3765 903 3817 his
916 3767 987 3817 fama
999 3781 1031 3814 ex
1043 3762 1200 3832 antiquitate
1211 3770 1292 3826 supet·

267 3840 332 3904 snitu
350 3857 429 3907 quam
451 3849 485 3900 od
506 3862 604 3900 certam
626 3849 743 3918 aliquam
760 3846 976 3918 probabilitatem
998 3843 1126 3914 refingere
1149 3837 1290 3889 studuerat!

267 3919 424 3985 scriptores,
437 3943 486 3994 pro
499 3945 547 3978 suo
561 3930 672 3998 quisque
685 3929 790 3999 ingenio
802 3945 832 3978 ac
841 3943 927 3977 sensu.
938 3923 1011 3974 Modi
1023 3934 1110 3974 autem
1120 3931 1195 3972 eraut
1206 3917 1291 3988 plures

267 3997 364 4048 ouibus
374 3999 446 4056 fama
457 4005 504 4060 illa
516 4021 593 4064 vetus
606 4007 703 4080 digeri,
715 4021 741 4061 et
753 4009 878 4063 constitui
887 4019 985 4079 posset.
999 4005 1092 4076 ltaque
1104 4000 1162 4068 ulii,
1175 4011 1204 4049 ut
1216 3993 1294 4051 Antio·
