<?xml version="1.0" encoding="UTF-8"?>
<!DOCTYPE html PUBLIC "-//W3C//DTD XHTML 1.0 Transitional//EN"
    "http://www.w3.org/TR/xhtml1/DTD/xhtml1-transitional.dtd">
<html xmlns="http://www.w3.org/1999/xhtml" xml:lang="en" lang="en">
 <head>
  <title>
</title>
<meta http-equiv="Content-Type" content="text/html;charset=utf-8" />
  <meta name='ocr-system' content='tesseract 3.04.00' />
  <meta name='ocr-capabilities' content='ocr_page ocr_carea ocr_par ocr_line ocrx_word'/>
</head>
<body>
  <div class='ocr_page' id='page_1' title='image "./pvirgiliusmaroq05barbgoog_0365.png"; bbox 0 0 2968 4696; ppageno 0'>
   <div class='ocr_carea' id='block_1_1' title="bbox 457 431 1175 504">
    <p class='ocr_par' dir='ltr' id='par_1_1' title="bbox 457 431 1175 504">
     <span class='ocr_line' id='line_1_1' title="bbox 457 431 1175 504; baseline 0.01 -7"><span class='ocrx_word' id='word_1_1' title='bbox 457 435 523 497; x_wconf 82' lang='lat' dir='ltr'>at)</span> <span class='ocrx_word' id='word_1_2' title='bbox 545 431 747 496; x_wconf 78' lang='lat' dir='ltr'><strong>LIBRUM</strong></span> <span class='ocrx_word' id='word_1_3' title='bbox 769 433 855 497; x_wconf 91' lang='lat' dir='ltr'>Vll.</span> <span class='ocrx_word' id='word_1_4' title='bbox 1113 435 1175 504; x_wconf 78' lang='lat'>355</span> 
     </span>
    </p>
   </div>
   <div class='ocr_carea' id='block_1_2' title="bbox 139 553 1182 1023">
    <p class='ocr_par' dir='ltr' id='par_1_2' title="bbox 139 553 1182 1023">
     <span class='ocr_line' id='line_1_2' title="bbox 140 553 1178 627; baseline 0.004 -19"><span class='ocrx_word' id='word_1_5' title='bbox 140 555 268 617; x_wconf 89' lang='lat' dir='ltr'>habuere;</span> <span class='ocrx_word' id='word_1_6' title='bbox 277 554 432 620; x_wconf 86' lang='lat' dir='ltr'>eadem,ubi</span> <span class='ocrx_word' id='word_1_7' title='bbox 442 567 586 606; x_wconf 88' lang='lat' dir='ltr'>occurrunt</span> <span class='ocrx_word' id='word_1_8' title='bbox 594 555 621 605; x_wconf 91' lang='lat' dir='ltr'>in</span> <span class='ocrx_word' id='word_1_9' title='bbox 628 553 813 624; x_wconf 77' lang='lat' dir='ltr'><strong>scriptoribus,</strong></span> <span class='ocrx_word' id='word_1_10' title='bbox 822 566 868 606; x_wconf 90' lang='lat' dir='ltr'>aut</span> <span class='ocrx_word' id='word_1_11' title='bbox 875 553 1000 624; x_wconf 86' lang='lat' dir='ltr'>adjuncta</span> <span class='ocrx_word' id='word_1_12' title='bbox 1006 575 1060 609; x_wconf 92' lang='lat' dir='ltr'>non</span> <span class='ocrx_word' id='word_1_13' title='bbox 1067 557 1178 627; x_wconf 87' lang='lat' dir='ltr'>habent,</span> 
     </span>
     <span class='ocr_line' id='line_1_3' title="bbox 141 631 1180 708; baseline 0.006 -22"><span class='ocrx_word' id='word_1_14' title='bbox 141 648 187 686; x_wconf 90' lang='lat' dir='ltr'>aut</span> <span class='ocrx_word' id='word_1_15' title='bbox 201 635 373 706; x_wconf 74' lang='lat' dir='ltr'>metonymice</span> <span class='ocrx_word' id='word_1_16' title='bbox 383 632 530 686; x_wconf 84' lang='lat' dir='ltr'>dictanibil</span> <span class='ocrx_word' id='word_1_17' title='bbox 539 631 675 685; x_wconf 83' lang='lat' dir='ltr'>deliniunt.</span> <span class='ocrx_word' id='word_1_18' title='bbox 691 653 716 684; x_wconf 86' lang='lat' dir='ltr'>v.</span> <span class='ocrx_word' id='word_1_19' title='bbox 730 651 753 685; x_wconf 92' lang='lat' dir='ltr'>c.</span> <span class='ocrx_word' id='word_1_20' title='bbox 766 635 793 684; x_wconf 91' lang='lat' dir='ltr'>in</span> <span class='ocrx_word' id='word_1_21' title='bbox 806 632 918 686; x_wconf 86' lang='lat' dir='ltr'>Tbeoer.</span> <span class='ocrx_word' id='word_1_22' title='bbox 932 635 1006 707; x_wconf 75' lang='lat' dir='ltr'>idyll.</span> <span class='ocrx_word' id='word_1_23' title='bbox 1018 637 1116 702; x_wconf 85' lang='lat' dir='ltr'>xvttt,</span> <span class='ocrx_word' id='word_1_24' title='bbox 1130 641 1180 708; x_wconf 82' lang='lat'>33,</span> 
     </span>
     <span class='ocr_line' id='line_1_4' title="bbox 140 714 1180 784; baseline 0.003 -18"><span class='ocrx_word' id='word_1_25' title='bbox 140 715 183 780; x_wconf 87' lang='grc'>34.</span> <span class='ocrx_word' id='word_1_26' title='bbox 194 715 282 781; x_wconf 89' lang='lat' dir='ltr'>Quum</span> <span class='ocrx_word' id='word_1_27' title='bbox 295 727 385 766; x_wconf 89' lang='lat' dir='ltr'>nester</span> <span class='ocrx_word' id='word_1_28' title='bbox 393 731 484 766; x_wconf 83' lang='lat' dir='ltr'>sersus</span> <span class='ocrx_word' id='word_1_29' title='bbox 497 729 640 764; x_wconf 84' lang='lat' dir='ltr'>conversus</span> <span class='ocrx_word' id='word_1_30' title='bbox 653 715 686 764; x_wconf 86' lang='lat' dir='ltr'>sit</span> <span class='ocrx_word' id='word_1_31' title='bbox 698 731 730 764; x_wconf 86' lang='lat' dir='ltr'>ex</span> <span class='ocrx_word' id='word_1_32' title='bbox 741 714 871 778; x_wconf 79' lang='lat' dir='ltr'>Homero,</span> <span class='ocrx_word' id='word_1_33' title='bbox 881 731 988 766; x_wconf 83' lang='lat' dir='ltr'>neeesse</span> <span class='ocrx_word' id='word_1_34' title='bbox 999 728 1039 765; x_wconf 86' lang='lat' dir='ltr'>eat</span> <span class='ocrx_word' id='word_1_35' title='bbox 1050 717 1141 784; x_wconf 65' lang='lat' dir='ltr'>sepelies</span> <span class='ocrx_word' id='word_1_36' title='bbox 1154 733 1180 772; x_wconf 89' lang='lat' dir='ltr'>et</span> 
     </span>
     <span class='ocr_line' id='line_1_5' title="bbox 140 793 1179 866; baseline 0.004 -20"><span class='ocrx_word' id='word_1_37' title='bbox 140 796 271 864; x_wconf 72' lang='lat' dir='ltr'>pectinem</span> <span class='ocrx_word' id='word_1_38' title='bbox 282 813 339 847; x_wconf 85' lang='lat' dir='ltr'>ease</span> <span class='ocrx_word' id='word_1_39' title='bbox 351 794 445 848; x_wconf 86' lang='lat' dir='ltr'>eodem</span> <span class='ocrx_word' id='word_1_40' title='bbox 456 811 537 848; x_wconf 83' lang='lat' dir='ltr'>sensu</span> <span class='ocrx_word' id='word_1_41' title='bbox 551 793 646 846; x_wconf 86' lang='lat' dir='ltr'>dietae.</span> <span class='ocrx_word' id='word_1_42' title='bbox 657 795 716 848; x_wconf 84' lang='lat' dir='ltr'>Jum</span> <span class='ocrx_word' id='word_1_43' title='bbox 726 793 857 864; x_wconf 73' lang='lat' dir='ltr'>pectinem</span> <span class='ocrx_word' id='word_1_44' title='bbox 869 811 924 845; x_wconf 92' lang='lat' dir='ltr'>non</span> <span class='ocrx_word' id='word_1_45' title='bbox 941 813 997 846; x_wconf 86' lang='lat' dir='ltr'>esee</span> <span class='ocrx_word' id='word_1_46' title='bbox 1009 813 1088 866; x_wconf 81' lang='lat' dir='ltr'>poete</span> <span class='ocrx_word' id='word_1_47' title='bbox 1103 817 1179 866; x_wconf 83' lang='lat' dir='ltr'>eum,</span> 
     </span>
     <span class='ocr_line' id='line_1_6' title="bbox 142 871 1180 944; baseline 0.003 -19"><span class='ocrx_word' id='word_1_48' title='bbox 142 892 219 944; x_wconf 90' lang='lat' dir='ltr'>quem</span> <span class='ocrx_word' id='word_1_49' title='bbox 231 877 315 926; x_wconf 86' lang='lat' dir='ltr'>nostri</span> <span class='ocrx_word' id='word_1_50' title='bbox 326 875 447 927; x_wconf 83' lang='lat' dir='ltr'>homines</span> <span class='ocrx_word' id='word_1_51' title='bbox 457 872 742 944; x_wconf 83' lang='lat' dir='ltr'>appellant(Komm),</span> <span class='ocrx_word' id='word_1_52' title='bbox 755 875 925 926; x_wconf 79' lang='lat' dir='ltr'>manifestum</span> <span class='ocrx_word' id='word_1_53' title='bbox 936 871 965 924; x_wconf 83' lang='lat' dir='ltr'>fit</span> <span class='ocrx_word' id='word_1_54' title='bbox 977 892 1008 925; x_wconf 83' lang='lat' dir='ltr'>ex</span> <span class='ocrx_word' id='word_1_55' title='bbox 1020 875 1103 926; x_wconf 88' lang='lat' dir='ltr'>altero</span> <span class='ocrx_word' id='word_1_56' title='bbox 1120 877 1180 930; x_wconf 89' lang='lat' dir='ltr'>loce</span> 
     </span>
     <span class='ocr_line' id='line_1_7' title="bbox 139 947 1182 1023; baseline 0.005 -20"><span class='ocrx_word' id='word_1_57' title='bbox 139 954 168 1003; x_wconf 90' lang='lat' dir='ltr'>in</span> <span class='ocrx_word' id='word_1_58' title='bbox 181 951 257 1004; x_wconf 82' lang='lat' dir='ltr'>Iliad.</span> <span class='ocrx_word' id='word_1_59' title='bbox 270 969 301 1016; x_wconf 82' lang='grc' dir='ltr'>χ,</span> <span class='ocrx_word' id='word_1_60' title='bbox 315 953 365 1019; x_wconf 87' lang='grc'>448</span> <span class='ocrx_word' id='word_1_61' title='bbox 379 952 424 1004; x_wconf 90' lang='lat' dir='ltr'>ubi</span> <span class='ocrx_word' id='word_1_62' title='bbox 438 951 625 1005; x_wconf 78' lang='lat' dir='ltr'><strong>Andromache</strong></span> <span class='ocrx_word' id='word_1_63' title='bbox 639 947 700 1006; x_wconf 78' lang='lat' dir='ltr'>ierie</span> <span class='ocrx_word' id='word_1_64' title='bbox 714 951 816 1016; x_wconf 67' lang='grc' dir='ltr'>ὑφαίνει,</span> <span class='ocrx_word' id='word_1_65' title='bbox 830 970 965 1023; x_wconf 88' lang='lat' dir='ltr'>quumque</span> <span class='ocrx_word' id='word_1_66' title='bbox 978 957 1103 1006; x_wconf 83' lang='lat' dir='ltr'>exterrita</span> <span class='ocrx_word' id='word_1_67' title='bbox 1113 969 1182 1008; x_wconf 82' lang='lat' dir='ltr'>esset</span> 
     </span>
    </p>
   </div>
   <div class='ocr_carea' id='block_1_3' title="bbox 139 1027 1248 4048">
    <p class='ocr_par' dir='ltr' id='par_1_3' title="bbox 139 1027 1187 2198">
     <span class='ocr_line' id='line_1_8' title="bbox 141 1027 1182 1099; baseline -0.002 -17"><span class='ocrx_word' id='word_1_68' title='bbox 141 1030 237 1082; x_wconf 88' lang='lat' dir='ltr'>auditis</span> <span class='ocrx_word' id='word_1_69' title='bbox 252 1030 389 1096; x_wconf 78' lang='lat' dir='ltr'>lamentis,</span> <span class='ocrx_word' id='word_1_70' title='bbox 406 1030 445 1086; x_wconf 77' lang='lat' dir='ltr'>ric</span> <span class='ocrx_word' id='word_1_71' title='bbox 457 1031 482 1080; x_wconf 67' lang='grc' dir='ltr'>δ’</span> <span class='ocrx_word' id='word_1_72' title='bbox 494 1031 605 1096; x_wconf 53' lang='lat' dir='ltr'>insopor</span> <span class='ocrx_word' id='word_1_73' title='bbox 618 1034 691 1097; x_wconf 73' lang='lat' dir='ltr'>pule,</span> <span class='ocrx_word' id='word_1_74' title='bbox 709 1029 790 1096; x_wconf 67' lang='grc' dir='ltr'><strong><em>χαμαὶ</em></strong></span> <span class='ocrx_word' id='word_1_75' title='bbox 801 1029 827 1082; x_wconf 62' lang='grc' dir='ltr'><strong><em>Ν</em></strong></span> <span class='ocrx_word' id='word_1_76' title='bbox 838 1027 856 1081; x_wconf 79' lang='lat' dir='ltr'>ei</span> <span class='ocrx_word' id='word_1_77' title='bbox 869 1031 949 1082; x_wconf 72' lang='grc' dir='ltr'><strong><em>εἐπεσε</em></strong></span> <span class='ocrx_word' id='word_1_78' title='bbox 961 1033 1039 1099; x_wconf 70' lang='grc' dir='ltr'>κερκίς.</span> <span class='ocrx_word' id='word_1_79' title='bbox 1056 1035 1144 1099; x_wconf 76' lang='lat' dir='ltr'>Nam,</span> <span class='ocrx_word' id='word_1_80' title='bbox 1160 1038 1182 1086; x_wconf 73' lang='lat' dir='ltr'>ei</span> 
     </span>
     <span class='ocr_line' id='line_1_9' title="bbox 140 1110 1184 1183; baseline 0.004 -23"><span class='ocrx_word' id='word_1_81' title='bbox 140 1111 299 1160; x_wconf 77' lang='lat' dir='ltr'>nostratium</span> <span class='ocrx_word' id='word_1_82' title='bbox 311 1111 515 1162; x_wconf 78' lang='lat' dir='ltr'>instrumentum</span> <span class='ocrx_word' id='word_1_83' title='bbox 531 1111 638 1174; x_wconf 83' lang='lat' dir='ltr'>luisset,</span> <span class='ocrx_word' id='word_1_84' title='bbox 657 1125 754 1181; x_wconf 83' lang='lat' dir='ltr'>pecten</span> <span class='ocrx_word' id='word_1_85' title='bbox 769 1113 825 1180; x_wconf 87' lang='lat' dir='ltr'>ejus</span> <span class='ocrx_word' id='word_1_86' title='bbox 838 1129 918 1164; x_wconf 83' lang='lat' dir='ltr'>manu</span> <span class='ocrx_word' id='word_1_87' title='bbox 930 1110 1051 1164; x_wconf 79' lang='lat' dir='ltr'>excidere</span> <span class='ocrx_word' id='word_1_88' title='bbox 1065 1131 1119 1163; x_wconf 92' lang='lat' dir='ltr'>non</span> <span class='ocrx_word' id='word_1_89' title='bbox 1136 1130 1184 1183; x_wconf 93' lang='lat' dir='ltr'>po·</span> 
     </span>
     <span class='ocr_line' id='line_1_10' title="bbox 143 1189 1183 1264; baseline 0.006 -26"><span class='ocrx_word' id='word_1_90' title='bbox 143 1190 247 1250; x_wconf 84' lang='lat' dir='ltr'>tuisset;</span> <span class='ocrx_word' id='word_1_91' title='bbox 261 1208 310 1240; x_wconf 91' lang='lat' dir='ltr'>nec</span> <span class='ocrx_word' id='word_1_92' title='bbox 327 1191 355 1240; x_wconf 92' lang='lat' dir='ltr'>in</span> <span class='ocrx_word' id='word_1_93' title='bbox 366 1191 477 1242; x_wconf 80' lang='lat' dir='ltr'>Marone</span> <span class='ocrx_word' id='word_1_94' title='bbox 489 1190 580 1242; x_wconf 88' lang='lat' dir='ltr'>locum</span> <span class='ocrx_word' id='word_1_95' title='bbox 590 1189 715 1254; x_wconf 86' lang='lat' dir='ltr'>baberet,</span> <span class='ocrx_word' id='word_1_96' title='bbox 735 1189 952 1261; x_wconf 87' lang='lat' dir='ltr'>quandoquidem</span> <span class='ocrx_word' id='word_1_97' title='bbox 971 1190 1015 1242; x_wconf 88' lang='lat' dir='ltr'>bic</span> <span class='ocrx_word' id='word_1_98' title='bbox 1034 1192 1105 1244; x_wconf 80' lang='lat' dir='ltr'>Circe</span> <span class='ocrx_word' id='word_1_99' title='bbox 1120 1211 1183 1264; x_wconf 87' lang='lat' dir='ltr'>per-</span> 
     </span>
     <span class='ocr_line' id='line_1_11' title="bbox 141 1265 1184 1342; baseline 0.01 -26"><span class='ocrx_word' id='word_1_100' title='bbox 141 1267 224 1318; x_wconf 85' lang='lat' dir='ltr'>currit</span> <span class='ocrx_word' id='word_1_101' title='bbox 231 1267 336 1339; x_wconf 76' lang='lat' dir='ltr'>pectine</span> <span class='ocrx_word' id='word_1_102' title='bbox 350 1265 429 1320; x_wconf 83' lang='lat' dir='ltr'>telas:</span> <span class='ocrx_word' id='word_1_103' title='bbox 443 1281 471 1321; x_wconf 89' lang='lat' dir='ltr'>at</span> <span class='ocrx_word' id='word_1_104' title='bbox 479 1281 572 1320; x_wconf 83' lang='lat' dir='ltr'>nostro</span> <span class='ocrx_word' id='word_1_105' title='bbox 583 1288 656 1322; x_wconf 88' lang='lat' dir='ltr'>more</span> <span class='ocrx_word' id='word_1_106' title='bbox 667 1272 725 1340; x_wconf 91' lang='lat' dir='ltr'>ipea</span> <span class='ocrx_word' id='word_1_107' title='bbox 734 1272 803 1334; x_wconf 83' lang='lat' dir='ltr'>tela,</span> <span class='ocrx_word' id='word_1_108' title='bbox 820 1283 935 1333; x_wconf 83' lang='lat' dir='ltr'>stamen,</span> <span class='ocrx_word' id='word_1_109' title='bbox 951 1271 1081 1340; x_wconf 78' lang='lat' dir='ltr'>percurrit</span> <span class='ocrx_word' id='word_1_110' title='bbox 1099 1275 1184 1342; x_wconf 85' lang='lat' dir='ltr'>pecti-</span> 
     </span>
     <span class='ocr_line' id='line_1_12' title="bbox 140 1347 1184 1422; baseline 0.006 -26"><span class='ocrx_word' id='word_1_111' title='bbox 140 1365 210 1397; x_wconf 88' lang='lat' dir='ltr'>nem.</span> <span class='ocrx_word' id='word_1_112' title='bbox 218 1347 378 1414; x_wconf 65' lang='lat' dir='ltr'>tametptte</span> <span class='ocrx_word' id='word_1_113' title='bbox 388 1349 492 1417; x_wconf 79' lang='lat' dir='ltr'>quoties</span> <span class='ocrx_word' id='word_1_114' title='bbox 506 1349 571 1400; x_wconf 87' lang='lat' dir='ltr'>alias</span> <span class='ocrx_word' id='word_1_115' title='bbox 584 1351 714 1414; x_wconf 87' lang='lat' dir='ltr'>occurrit,</span> <span class='ocrx_word' id='word_1_116' title='bbox 725 1368 783 1402; x_wconf 86' lang='lat' dir='ltr'>esse</span> <span class='ocrx_word' id='word_1_117' title='bbox 794 1351 850 1404; x_wconf 81' lang='lat' dir='ltr'>fere</span> <span class='ocrx_word' id='word_1_118' title='bbox 861 1350 982 1402; x_wconf 78' lang='lat' dir='ltr'>videmur</span> <span class='ocrx_word' id='word_1_119' title='bbox 991 1364 1098 1402; x_wconf 85' lang='lat' dir='ltr'>acutum</span> <span class='ocrx_word' id='word_1_120' title='bbox 1109 1351 1184 1422; x_wconf 73' lang='lat' dir='ltr'>quid,</span> 
     </span>
     <span class='ocr_line' id='line_1_13' title="bbox 141 1425 1183 1500; baseline 0.01 -25"><span class='ocrx_word' id='word_1_121' title='bbox 141 1425 259 1492; x_wconf 89' lang='lat' dir='ltr'>radium,</span> <span class='ocrx_word' id='word_1_122' title='bbox 271 1428 386 1498; x_wconf 78' lang='lat' dir='ltr'>virgam,</span> <span class='ocrx_word' id='word_1_123' title='bbox 396 1427 530 1480; x_wconf 84' lang='lat' dir='ltr'>bacillum.</span> <span class='ocrx_word' id='word_1_124' title='bbox 544 1430 574 1482; x_wconf 90' lang='lat' dir='ltr'>ln</span> <span class='ocrx_word' id='word_1_125' title='bbox 593 1428 732 1499; x_wconf 79' lang='lat' dir='ltr'>Sophoclis</span> <span class='ocrx_word' id='word_1_126' title='bbox 742 1431 830 1500; x_wconf 67' lang='lat' dir='ltr'>Antip.</span> <span class='ocrx_word' id='word_1_127' title='bbox 843 1429 909 1499; x_wconf 79' lang='lat'>976,</span> <span class='ocrx_word' id='word_1_128' title='bbox 926 1428 1017 1482; x_wconf 82' lang='lat' dir='ltr'>Phinei</span> <span class='ocrx_word' id='word_1_129' title='bbox 1033 1430 1093 1481; x_wconf 86' lang='lat' dir='ltr'>liliia</span> <span class='ocrx_word' id='word_1_130' title='bbox 1113 1433 1183 1485; x_wconf 88' lang='lat' dir='ltr'>oculi</span> 
     </span>
     <span class='ocr_line' id='line_1_14' title="bbox 141 1503 1184 1577; baseline 0.008 -22"><span class='ocrx_word' id='word_1_131' title='bbox 141 1504 234 1555; x_wconf 83' lang='lat' dir='ltr'>effossi</span> <span class='ocrx_word' id='word_1_132' title='bbox 252 1503 358 1572; x_wconf 65' lang='grc' dir='ltr'>κερκίδων</span> <span class='ocrx_word' id='word_1_133' title='bbox 377 1505 493 1569; x_wconf 58' lang='lat' dir='ltr'>duculos:</span> <span class='ocrx_word' id='word_1_134' title='bbox 514 1506 588 1577; x_wconf 91' lang='lat' dir='ltr'>apud</span> <span class='ocrx_word' id='word_1_135' title='bbox 605 1509 732 1560; x_wconf 78' lang='lat' dir='ltr'>Antoniu-</span> <span class='ocrx_word' id='word_1_136' title='bbox 750 1507 807 1560; x_wconf 84' lang='lat' dir='ltr'>Lib.</span> <span class='ocrx_word' id='word_1_137' title='bbox 823 1509 855 1560; x_wconf 83' lang='lat'>25</span> <span class='ocrx_word' id='word_1_138' title='bbox 868 1509 975 1560; x_wconf 83' lang='lat' dir='ltr'>Orionis</span> <span class='ocrx_word' id='word_1_139' title='bbox 987 1507 1046 1560; x_wconf 77' lang='lat' dir='ltr'>filia</span> <span class='ocrx_word' id='word_1_140' title='bbox 1059 1506 1184 1577; x_wconf 70' lang='grc' dir='ltr'><strong><em>ἱπείεεξειε</em></strong></span> 
     </span>
     <span class='ocr_line' id='line_1_15' title="bbox 140 1580 1185 1661; baseline 0.008 -27"><span class='ocrx_word' id='word_1_141' title='bbox 140 1580 229 1640; x_wconf 70' lang='lat' dir='ltr'>iuuerit</span> <span class='ocrx_word' id='word_1_142' title='bbox 239 1587 270 1653; x_wconf 67' lang='lat' dir='ltr'>&#39;si</span> <span class='ocrx_word' id='word_1_143' title='bbox 282 1583 363 1652; x_wconf 67' lang='grc' dir='ltr'>ιερκίδι</span> <span class='ocrx_word' id='word_1_144' title='bbox 376 1581 491 1654; x_wconf 66' lang='lat' dir='ltr'>tropicis</span> <span class='ocrx_word' id='word_1_145' title='bbox 503 1585 583 1636; x_wconf 65' lang='lat' dir='ltr'>nette</span> <span class='ocrx_word' id='word_1_146' title='bbox 594 1589 622 1638; x_wconf 87' lang='lat' dir='ltr'>in</span> <span class='ocrx_word' id='word_1_147' title='bbox 631 1587 715 1651; x_wconf 91' lang='lat' dir='ltr'>eollo,</span> <span class='ocrx_word' id='word_1_148' title='bbox 733 1601 759 1640; x_wconf 90' lang='lat' dir='ltr'>et</span> <span class='ocrx_word' id='word_1_149' title='bbox 770 1601 880 1640; x_wconf 79' lang='lat' dir='ltr'>mortuas</span> <span class='ocrx_word' id='word_1_150' title='bbox 892 1601 1027 1640; x_wconf 82' lang='lat' dir='ltr'>corruunt.</span> <span class='ocrx_word' id='word_1_151' title='bbox 1038 1587 1185 1661; x_wconf 66' lang='lat' dir='ltr'>Ewyetbeo</span> 
     </span>
     <span class='ocr_line' id='line_1_16' title="bbox 142 1664 1186 1739; baseline 0.004 -23"><span class='ocrx_word' id='word_1_152' title='bbox 142 1665 234 1718; x_wconf 83' lang='lat' dir='ltr'>oculos</span> <span class='ocrx_word' id='word_1_153' title='bbox 250 1664 346 1718; x_wconf 82' lang='lat' dir='ltr'>effodit</span> <span class='ocrx_word' id='word_1_154' title='bbox 358 1665 485 1719; x_wconf 73' lang='lat' dir='ltr'>Alcmena</span> <span class='ocrx_word' id='word_1_155' title='bbox 497 1667 592 1734; x_wconf 70' lang='lat' dir='ltr'>capnion</span> <span class='ocrx_word' id='word_1_156' title='bbox 605 1667 678 1738; x_wconf 90' lang='lat' dir='ltr'>apud</span> <span class='ocrx_word' id='word_1_157' title='bbox 690 1667 814 1738; x_wconf 81' lang='lat' dir='ltr'>Apollod.</span> <span class='ocrx_word' id='word_1_158' title='bbox 829 1670 865 1732; x_wconf 95' lang='lat' dir='ltr'>ll,</span> <span class='ocrx_word' id='word_1_159' title='bbox 880 1668 912 1730; x_wconf 86' lang='lat'>8,</span> <span class='ocrx_word' id='word_1_160' title='bbox 926 1670 1042 1720; x_wconf 77' lang='lat' dir='ltr'>r.l&#39;orro</span> <span class='ocrx_word' id='word_1_161' title='bbox 1053 1671 1186 1739; x_wconf 81' lang='lat' dir='ltr'>pectinem</span> 
     </span>
     <span class='ocr_line' id='line_1_17' title="bbox 144 1744 1186 1817; baseline 0.006 -21"><span class='ocrx_word' id='word_1_162' title='bbox 144 1761 169 1798; x_wconf 92' lang='lat' dir='ltr'>ct</span> <span class='ocrx_word' id='word_1_163' title='bbox 187 1744 291 1795; x_wconf 83' lang='lat' dir='ltr'>rodium</span> <span class='ocrx_word' id='word_1_164' title='bbox 303 1763 361 1798; x_wconf 84' lang='lat' dir='ltr'>cese</span> <span class='ocrx_word' id='word_1_165' title='bbox 373 1744 501 1810; x_wconf 89' lang='lat' dir='ltr'>eundem,</span> <span class='ocrx_word' id='word_1_166' title='bbox 521 1759 632 1817; x_wconf 85' lang='lat' dir='ltr'>apparet</span> <span class='ocrx_word' id='word_1_167' title='bbox 643 1748 691 1800; x_wconf 86' lang='lat' dir='ltr'>inf.</span> <span class='ocrx_word' id='word_1_168' title='bbox 706 1765 736 1798; x_wconf 84' lang='lat' dir='ltr'>ex</span> <span class='ocrx_word' id='word_1_169' title='bbox 746 1749 803 1798; x_wconf 83' lang='lat' dir='ltr'>AEu.</span> <span class='ocrx_word' id='word_1_170' title='bbox 816 1747 866 1811; x_wconf 79' lang='lat' dir='ltr'>IX,</span> <span class='ocrx_word' id='word_1_171' title='bbox 879 1747 931 1815; x_wconf 82' lang='grc'>476</span> <span class='ocrx_word' id='word_1_172' title='bbox 948 1747 1057 1800; x_wconf 76' lang='lat' dir='ltr'>Excussi</span> <span class='ocrx_word' id='word_1_173' title='bbox 1066 1749 1186 1802; x_wconf 78' lang='lat' dir='ltr'>mnibus</span> 
     </span>
     <span class='ocr_line' id='line_1_18' title="bbox 142 1821 1186 1898; baseline 0.005 -23"><span class='ocrx_word' id='word_1_174' title='bbox 142 1824 225 1892; x_wconf 82' lang='lat' dir='ltr'>raclii,</span> <span class='ocrx_word' id='word_1_175' title='bbox 238 1821 408 1896; x_wconf 80' lang='lat' dir='ltr'>revolutaque</span> <span class='ocrx_word' id='word_1_176' title='bbox 421 1843 517 1896; x_wconf 85' lang='lat' dir='ltr'>penso,</span> <span class='ocrx_word' id='word_1_177' title='bbox 530 1826 602 1896; x_wconf 87' lang='lat' dir='ltr'>qued</span> <span class='ocrx_word' id='word_1_178' title='bbox 621 1844 725 1880; x_wconf 86' lang='lat' dir='ltr'>versum</span> <span class='ocrx_word' id='word_1_179' title='bbox 738 1840 778 1880; x_wconf 84' lang='lat' dir='ltr'>est</span> <span class='ocrx_word' id='word_1_180' title='bbox 790 1845 822 1878; x_wconf 82' lang='lat' dir='ltr'>ex</span> <span class='ocrx_word' id='word_1_181' title='bbox 834 1828 976 1879; x_wconf 85' lang='lat' dir='ltr'>Homerico</span> <span class='ocrx_word' id='word_1_182' title='bbox 989 1847 1070 1898; x_wconf 83' lang='lat' dir='ltr'>supra</span> <span class='ocrx_word' id='word_1_183' title='bbox 1085 1848 1186 1882; x_wconf 88' lang='lat' dir='ltr'>meme·</span> 
     </span>
     <span class='ocr_line' id='line_1_19' title="bbox 141 1903 1185 1976; baseline 0.004 -20"><span class='ocrx_word' id='word_1_184' title='bbox 141 1918 213 1968; x_wconf 87' lang='lat' dir='ltr'>rato,</span> <span class='ocrx_word' id='word_1_185' title='bbox 225 1905 272 1958; x_wconf 88' lang='lat' dir='ltr'>ubi</span> <span class='ocrx_word' id='word_1_186' title='bbox 284 1903 355 1970; x_wconf 69' lang='lat' dir='ltr'>aspele</span> <span class='ocrx_word' id='word_1_187' title='bbox 366 1917 431 1954; x_wconf 86' lang='lat' dir='ltr'>erat.</span> <span class='ocrx_word' id='word_1_188' title='bbox 444 1905 514 1974; x_wconf 72' lang='lat' dir='ltr'>Ergo</span> <span class='ocrx_word' id='word_1_189' title='bbox 520 1916 630 1975; x_wconf 79' lang='lat' dir='ltr'>pecten,</span> <span class='ocrx_word' id='word_1_190' title='bbox 643 1907 746 1971; x_wconf 84' lang='lat' dir='ltr'>radius,</span> <span class='ocrx_word' id='word_1_191' title='bbox 758 1905 843 1974; x_wconf 72' lang='lat' dir='ltr'>aspele,</span> <span class='ocrx_word' id='word_1_192' title='bbox 853 1905 993 1976; x_wconf 71' lang='lat' dir='ltr'>designant</span> <span class='ocrx_word' id='word_1_193' title='bbox 1005 1906 1127 1972; x_wconf 84' lang='lat' dir='ltr'>eandem,</span> <span class='ocrx_word' id='word_1_194' title='bbox 1137 1926 1185 1960; x_wconf 84' lang='lat' dir='ltr'>eeu</span> 
     </span>
     <span class='ocr_line' id='line_1_20' title="bbox 143 1983 1187 2056; baseline 0 -18"><span class='ocrx_word' id='word_1_195' title='bbox 143 1984 255 2038; x_wconf 81' lang='lat' dir='ltr'>similem</span> <span class='ocrx_word' id='word_1_196' title='bbox 268 2002 331 2036; x_wconf 91' lang='lat' dir='ltr'>rem.</span> <span class='ocrx_word' id='word_1_197' title='bbox 350 1984 436 2034; x_wconf 82' lang='lat' dir='ltr'>Etiam</span> <span class='ocrx_word' id='word_1_198' title='bbox 455 1983 529 2036; x_wconf 84' lang='lat' dir='ltr'>radio</span> <span class='ocrx_word' id='word_1_199' title='bbox 549 1985 689 2054; x_wconf 80' lang='lat' dir='ltr'>pulsantur</span> <span class='ocrx_word' id='word_1_200' title='bbox 705 1987 770 2040; x_wconf 83' lang='lat' dir='ltr'>tides</span> <span class='ocrx_word' id='word_1_201' title='bbox 787 1987 863 2056; x_wconf 69' lang='lat' dir='ltr'>lyrte,</span> <span class='ocrx_word' id='word_1_202' title='bbox 875 1999 905 2036; x_wconf 93' lang='lat' dir='ltr'>ut</span> <span class='ocrx_word' id='word_1_203' title='bbox 916 1999 942 2038; x_wconf 88' lang='lat' dir='ltr'>et</span> <span class='ocrx_word' id='word_1_204' title='bbox 954 1986 1073 2056; x_wconf 76' lang='lat' dir='ltr'>pectine:</span> <span class='ocrx_word' id='word_1_205' title='bbox 1088 1987 1187 2041; x_wconf 87' lang='lat' dir='ltr'>docent</span> 
     </span>
     <span class='ocr_line' id='line_1_21' title="bbox 143 2063 1186 2134; baseline -0.001 -17"><span class='ocrx_word' id='word_1_206' title='bbox 143 2077 232 2117; x_wconf 86' lang='lat' dir='ltr'>autem</span> <span class='ocrx_word' id='word_1_207' title='bbox 243 2063 510 2128; x_wconf 83' lang='lat' dir='ltr'>monumenta,bnnc</span> <span class='ocrx_word' id='word_1_208' title='bbox 521 2065 719 2118; x_wconf 79' lang='lat' dir='ltr'>luissetenucm</span> <span class='ocrx_word' id='word_1_209' title='bbox 728 2064 869 2128; x_wconf 88' lang='lat' dir='ltr'>bacillum,</span> <span class='ocrx_word' id='word_1_210' title='bbox 878 2065 920 2116; x_wconf 75' lang='lat' dir='ltr'>rel</span> <span class='ocrx_word' id='word_1_211' title='bbox 932 2067 1032 2134; x_wconf 69' lang='lat' dir='ltr'>virgam</span> <span class='ocrx_word' id='word_1_212' title='bbox 1043 2068 1122 2117; x_wconf 73' lang='lat' dir='ltr'>rarus</span> <span class='ocrx_word' id='word_1_213' title='bbox 1131 2068 1186 2118; x_wconf 85' lang='lat' dir='ltr'>for·</span> 
     </span>
     <span class='ocr_line' id='line_1_22' title="bbox 139 2143 326 2198; baseline -0.021 -2"><span class='ocrx_word' id='word_1_214' title='bbox 139 2148 189 2196; x_wconf 87' lang='lat' dir='ltr'>mis</span> <span class='ocrx_word' id='word_1_215' title='bbox 202 2143 326 2198; x_wconf 83' lang='lat' dir='ltr'>effictam.</span> 
     </span>
    </p>

    <p class='ocr_par' dir='ltr' id='par_1_4' title="bbox 139 2221 1248 3315">
     <span class='ocr_line' id='line_1_23' title="bbox 176 2221 1186 2295; baseline 0.002 -19"><span class='ocrx_word' id='word_1_216' title='bbox 176 2225 202 2276; x_wconf 90' lang='lat' dir='ltr'>Si</span> <span class='ocrx_word' id='word_1_217' title='bbox 212 2226 302 2295; x_wconf 88' lang='lat' dir='ltr'>itaque</span> <span class='ocrx_word' id='word_1_218' title='bbox 314 2224 453 2293; x_wconf 74' lang='lat' dir='ltr'>queritur,</span> <span class='ocrx_word' id='word_1_219' title='bbox 467 2224 513 2292; x_wconf 86' lang='lat' dir='ltr'>qui</span> <span class='ocrx_word' id='word_1_220' title='bbox 526 2225 560 2274; x_wconf 83' lang='lat' dir='ltr'>eit</span> <span class='ocrx_word' id='word_1_221' title='bbox 569 2233 662 2292; x_wconf 81' lang='lat' dir='ltr'>pecten</span> <span class='ocrx_word' id='word_1_222' title='bbox 673 2235 701 2274; x_wconf 90' lang='lat' dir='ltr'>et</span> <span class='ocrx_word' id='word_1_223' title='bbox 716 2221 786 2289; x_wconf 74' lang='lat' dir='ltr'>aspele</span> <span class='ocrx_word' id='word_1_224' title='bbox 797 2223 824 2274; x_wconf 92' lang='lat' dir='ltr'>in</span> <span class='ocrx_word' id='word_1_225' title='bbox 837 2225 951 2277; x_wconf 72' lang='lat' dir='ltr'>textrina</span> <span class='ocrx_word' id='word_1_226' title='bbox 964 2227 1128 2294; x_wconf 82' lang='lat' dir='ltr'>antiquiore,</span> <span class='ocrx_word' id='word_1_227' title='bbox 1138 2245 1186 2278; x_wconf 86' lang='lat' dir='ltr'>ne·</span> 
     </span>
     <span class='ocr_line' id='line_1_24' title="bbox 142 2300 1185 2370; baseline 0 -14"><span class='ocrx_word' id='word_1_228' title='bbox 142 2322 215 2357; x_wconf 82' lang='lat' dir='ltr'>cesse</span> <span class='ocrx_word' id='word_1_229' title='bbox 229 2315 270 2354; x_wconf 89' lang='lat' dir='ltr'>est</span> <span class='ocrx_word' id='word_1_230' title='bbox 281 2321 358 2353; x_wconf 84' lang='lat' dir='ltr'>nsum</span> <span class='ocrx_word' id='word_1_231' title='bbox 373 2304 428 2370; x_wconf 84' lang='lat' dir='ltr'>ejus</span> <span class='ocrx_word' id='word_1_232' title='bbox 441 2301 522 2354; x_wconf 71' lang='lat' dir='ltr'>fuisse</span> <span class='ocrx_word' id='word_1_233' title='bbox 534 2303 562 2354; x_wconf 88' lang='lat' dir='ltr'>ia</span> <span class='ocrx_word' id='word_1_234' title='bbox 575 2300 789 2357; x_wconf 79' lang='lat' dir='ltr'>discriminandis</span> <span class='ocrx_word' id='word_1_235' title='bbox 800 2300 864 2365; x_wconf 81' lang='lat' dir='ltr'>iilis,</span> <span class='ocrx_word' id='word_1_236' title='bbox 881 2317 928 2352; x_wconf 85' lang='lat' dir='ltr'>eeu</span> <span class='ocrx_word' id='word_1_237' title='bbox 945 2303 1115 2366; x_wconf 74' lang='lat' dir='ltr'>staminibus,</span> <span class='ocrx_word' id='word_1_238' title='bbox 1130 2305 1185 2358; x_wconf 78' lang='lat' dir='ltr'>sire</span> 
     </span>
     <span class='ocr_line' id='line_1_25' title="bbox 141 2379 1185 2454; baseline 0.001 -19"><span class='ocrx_word' id='word_1_239' title='bbox 141 2396 171 2435; x_wconf 92' lang='lat' dir='ltr'>ut</span> <span class='ocrx_word' id='word_1_240' title='bbox 182 2384 226 2434; x_wconf 81' lang='lat' dir='ltr'>via</span> <span class='ocrx_word' id='word_1_241' title='bbox 235 2393 340 2454; x_wconf 85' lang='lat' dir='ltr'>pateret</span> <span class='ocrx_word' id='word_1_242' title='bbox 352 2379 518 2433; x_wconf 83' lang='lat' dir='ltr'>immittendo</span> <span class='ocrx_word' id='word_1_243' title='bbox 530 2381 688 2446; x_wconf 86' lang='lat' dir='ltr'>subtemini,</span> <span class='ocrx_word' id='word_1_244' title='bbox 698 2383 753 2432; x_wconf 82' lang='lat' dir='ltr'>sive</span> <span class='ocrx_word' id='word_1_245' title='bbox 766 2393 795 2432; x_wconf 82' lang='lat' dir='ltr'>ut</span> <span class='ocrx_word' id='word_1_246' title='bbox 805 2382 831 2432; x_wconf 92' lang='lat' dir='ltr'>ei</span> <span class='ocrx_word' id='word_1_247' title='bbox 841 2380 1003 2446; x_wconf 83' lang='lat' dir='ltr'>involutum,</span> <span class='ocrx_word' id='word_1_248' title='bbox 1014 2381 1056 2434; x_wconf 84' lang='lat' dir='ltr'>vel</span> <span class='ocrx_word' id='word_1_249' title='bbox 1069 2385 1185 2436; x_wconf 78' lang='lat' dir='ltr'>circum·</span> 
     </span>
     <span class='ocr_line' id='line_1_26' title="bbox 141 2456 1185 2531; baseline -0.002 -17"><span class='ocrx_word' id='word_1_250' title='bbox 141 2462 277 2526; x_wconf 85' lang='lat' dir='ltr'>volutum,</span> <span class='ocrx_word' id='word_1_251' title='bbox 290 2458 430 2510; x_wconf 81' lang='lat' dir='ltr'>affixumve</span> <span class='ocrx_word' id='word_1_252' title='bbox 445 2473 514 2512; x_wconf 79' lang='lat' dir='ltr'>esset</span> <span class='ocrx_word' id='word_1_253' title='bbox 524 2462 612 2531; x_wconf 81' lang='lat' dir='ltr'>ipsunt</span> <span class='ocrx_word' id='word_1_254' title='bbox 624 2459 764 2513; x_wconf 78' lang='lat' dir='ltr'>subtemen</span> <span class='ocrx_word' id='word_1_255' title='bbox 773 2459 824 2528; x_wconf 82' lang='lat' dir='ltr'>(an</span> <span class='ocrx_word' id='word_1_256' title='bbox 834 2456 921 2520; x_wconf 76' lang='lat' dir='ltr'>ustis,</span> <span class='ocrx_word' id='word_1_257' title='bbox 934 2462 976 2512; x_wconf 89' lang='lat' dir='ltr'>cui</span> <span class='ocrx_word' id='word_1_258' title='bbox 989 2460 1147 2514; x_wconf 67' lang='lat' dir='ltr'>obsoletum</span> <span class='ocrx_word' id='word_1_259' title='bbox 1155 2458 1185 2514; x_wconf 78' lang='lat' dir='ltr'>ci</span> 
     </span>
     <span class='ocr_line' id='line_1_27' title="bbox 140 2537 1248 2609; baseline 0 -15"><span class='ocrx_word' id='word_1_260' title='bbox 140 2541 233 2602; x_wconf 69' lang='lat' dir='ltr'>etrier,</span> <span class='ocrx_word' id='word_1_261' title='bbox 245 2553 331 2592; x_wconf 82' lang='lat' dir='ltr'>trama</span> <span class='ocrx_word' id='word_1_262' title='bbox 342 2537 406 2590; x_wconf 87' lang='lat' dir='ltr'>inde</span> <span class='ocrx_word' id='word_1_263' title='bbox 418 2537 577 2592; x_wconf 88' lang='lat' dir='ltr'>deducenda</span> <span class='ocrx_word' id='word_1_264' title='bbox 585 2538 661 2590; x_wconf 85' lang='lat' dir='ltr'>iliad.</span> <span class='ocrx_word' id='word_1_265' title='bbox 672 2539 705 2604; x_wconf 68' lang='grc'>4,</span> <span class='ocrx_word' id='word_1_266' title='bbox 719 2539 778 2608; x_wconf 83' lang='lat'><strong>761.</strong></span> <span class='ocrx_word' id='word_1_267' title='bbox 791 2538 824 2609; x_wconf 81' lang='lat' dir='ltr'>a)</span> <span class='ocrx_word' id='word_1_268' title='bbox 837 2537 1069 2594; x_wconf 74' lang='lat' dir='ltr'>transmittentem</span> <span class='ocrx_word' id='word_1_269' title='bbox 1078 2557 1126 2609; x_wconf 91' lang='lat' dir='ltr'>per</span> <span class='ocrx_word' id='word_1_270' title='bbox 1135 2553 1186 2594; x_wconf 76' lang='lat' dir='ltr'>ste·</span> <span class='ocrx_word' id='word_1_271' title='bbox 1246 2571 1248 2574; x_wconf 96' lang='lat'>·</span> 
     </span>
     <span class='ocr_line' id='line_1_28' title="bbox 141 2618 1184 2690; baseline -0.003 -15"><span class='ocrx_word' id='word_1_272' title='bbox 141 2625 228 2675; x_wconf 87' lang='lat' dir='ltr'>mina:</span> <span class='ocrx_word' id='word_1_273' title='bbox 240 2619 293 2672; x_wconf 89' lang='lat' dir='ltr'>hoc</span> <span class='ocrx_word' id='word_1_274' title='bbox 309 2618 422 2672; x_wconf 86' lang='lat' dir='ltr'>alterum</span> <span class='ocrx_word' id='word_1_275' title='bbox 438 2620 508 2672; x_wconf 86' lang='lat' dir='ltr'>lorte</span> <span class='ocrx_word' id='word_1_276' title='bbox 521 2618 618 2670; x_wconf 83' lang='lat' dir='ltr'>dixeris</span> <span class='ocrx_word' id='word_1_277' title='bbox 637 2619 820 2690; x_wconf 71' lang='lat' dir='ltr'>probabilius,</span> <span class='ocrx_word' id='word_1_278' title='bbox 841 2621 904 2689; x_wconf 87' lang='lat' dir='ltr'>quia</span> <span class='ocrx_word' id='word_1_279' title='bbox 922 2630 1030 2690; x_wconf 63' lang='lat' dir='ltr'>areatas</span> <span class='ocrx_word' id='word_1_280' title='bbox 1045 2629 1140 2689; x_wconf 73' lang='lat' dir='ltr'>pecten</span> <span class='ocrx_word' id='word_1_281' title='bbox 1157 2623 1184 2672; x_wconf 89' lang='lat' dir='ltr'>in</span> 
     </span>
     <span class='ocr_line' id='line_1_29' title="bbox 141 2698 1184 2770; baseline -0.006 -14"><span class='ocrx_word' id='word_1_282' title='bbox 141 2714 233 2756; x_wconf 79' lang='lat' dir='ltr'>nostro</span> <span class='ocrx_word' id='word_1_283' title='bbox 246 2699 333 2752; x_wconf 83' lang='lat' dir='ltr'>dictus</span> <span class='ocrx_word' id='word_1_284' title='bbox 343 2711 396 2764; x_wconf 82' lang='lat' dir='ltr'>eat,</span> <span class='ocrx_word' id='word_1_285' title='bbox 409 2711 435 2751; x_wconf 91' lang='lat' dir='ltr'>et</span> <span class='ocrx_word' id='word_1_286' title='bbox 446 2698 510 2750; x_wconf 86' lang='lat' dir='ltr'>alibi</span> <span class='ocrx_word' id='word_1_287' title='bbox 522 2699 547 2750; x_wconf 91' lang='lat' dir='ltr'>ei</span> <span class='ocrx_word' id='word_1_288' title='bbox 561 2699 688 2770; x_wconf 73' lang='lat' dir='ltr'>strepitus</span> <span class='ocrx_word' id='word_1_289' title='bbox 699 2700 841 2753; x_wconf 87' lang='lat' dir='ltr'>tribuitur:</span> <span class='ocrx_word' id='word_1_290' title='bbox 854 2717 878 2750; x_wconf 85' lang='lat' dir='ltr'>v.</span> <span class='ocrx_word' id='word_1_291' title='bbox 892 2699 940 2750; x_wconf 88' lang='lat' dir='ltr'>Ge.</span> <span class='ocrx_word' id='word_1_292' title='bbox 954 2702 965 2750; x_wconf 98' lang='lat' dir='ltr'>l</span> <span class='ocrx_word' id='word_1_293' title='bbox 970 2733 978 2763; x_wconf 90' lang='lat'>,</span> <span class='ocrx_word' id='word_1_294' title='bbox 995 2700 1058 2767; x_wconf 68' lang='lat'>²946</span> <span class='ocrx_word' id='word_1_295' title='bbox 1069 2698 1133 2752; x_wconf 67' lang='lat' dir='ltr'>add.</span> <span class='ocrx_word' id='word_1_296' title='bbox 1144 2701 1184 2752; x_wconf 90' lang='lat' dir='ltr'>lo·</span> 
     </span>
     <span class='ocr_line' id='line_1_30' title="bbox 140 2779 1181 2850; baseline -0.005 -13"><span class='ocrx_word' id='word_1_297' title='bbox 140 2803 201 2837; x_wconf 89' lang='lat' dir='ltr'>cum</span> <span class='ocrx_word' id='word_1_298' title='bbox 211 2801 236 2832; x_wconf 86' lang='lat' dir='ltr'>v.</span> <span class='ocrx_word' id='word_1_299' title='bbox 247 2782 281 2848; x_wconf 78' lang='grc'>46</span> <span class='ocrx_word' id='word_1_300' title='bbox 290 2811 324 2818; x_wconf 89' lang='lat'>-</span> <span class='ocrx_word' id='word_1_301' title='bbox 334 2779 367 2846; x_wconf 85' lang='grc'>48</span> <span class='ocrx_word' id='word_1_302' title='bbox 380 2781 406 2832; x_wconf 85' lang='lat' dir='ltr'>in</span> <span class='ocrx_word' id='word_1_303' title='bbox 419 2779 535 2850; x_wconf 77' lang='lat' dir='ltr'>Epithal.</span> <span class='ocrx_word' id='word_1_304' title='bbox 546 2780 682 2834; x_wconf 71' lang='lat' dir='ltr'>Laurenti</span> <span class='ocrx_word' id='word_1_305' title='bbox 692 2793 718 2834; x_wconf 89' lang='lat' dir='ltr'>et</span> <span class='ocrx_word' id='word_1_306' title='bbox 726 2781 816 2834; x_wconf 74' lang='lat' dir='ltr'>Marte</span> <span class='ocrx_word' id='word_1_307' title='bbox 826 2782 856 2834; x_wconf 82' lang='lat' dir='ltr'>irs</span> <span class='ocrx_word' id='word_1_308' title='bbox 863 2779 1031 2834; x_wconf 83' lang='lat' dir='ltr'>Werntderf.</span> <span class='ocrx_word' id='word_1_309' title='bbox 1043 2782 1113 2832; x_wconf 87' lang='lat' dir='ltr'>Poet.</span> <span class='ocrx_word' id='word_1_310' title='bbox 1125 2781 1181 2832; x_wconf 85' lang='lat' dir='ltr'>Lat.</span> 
     </span>
     <span class='ocr_line' id='line_1_31' title="bbox 140 2857 1183 2930; baseline -0.006 -14"><span class='ocrx_word' id='word_1_311' title='bbox 140 2867 204 2918; x_wconf 87' lang='lat' dir='ltr'>mio.</span> <span class='ocrx_word' id='word_1_312' title='bbox 213 2863 288 2914; x_wconf 86' lang='lat' dir='ltr'>Tem.</span> <span class='ocrx_word' id='word_1_313' title='bbox 300 2861 342 2912; x_wconf 88' lang='lat' dir='ltr'>lV.</span> <span class='ocrx_word' id='word_1_314' title='bbox 352 2861 378 2909; x_wconf 87' lang='grc' dir='ltr'>Ρ.</span> <span class='ocrx_word' id='word_1_315' title='bbox 387 2861 419 2910; x_wconf 88' lang='lat' dir='ltr'>ll.</span> <span class='ocrx_word' id='word_1_316' title='bbox 432 2879 458 2930; x_wconf 87' lang='lat' dir='ltr'>p.</span> <span class='ocrx_word' id='word_1_317' title='bbox 470 2859 529 2928; x_wconf 73' lang='grc' dir='ltr'>495ς</span> <span class='ocrx_word' id='word_1_318' title='bbox 540 2862 676 2929; x_wconf 79' lang='lat' dir='ltr'>pasaimin</span> <span class='ocrx_word' id='word_1_319' title='bbox 684 2859 795 2915; x_wconf 66' lang='lat' dir='ltr'>Antinoi.</span> <span class='ocrx_word' id='word_1_320' title='bbox 803 2861 865 2911; x_wconf 89' lang='lat' dir='ltr'>utin</span> <span class='ocrx_word' id='word_1_321' title='bbox 874 2859 1007 2928; x_wconf 74' lang='lat' dir='ltr'>Antipatri</span> <span class='ocrx_word' id='word_1_322' title='bbox 1015 2857 1101 2917; x_wconf 73' lang='lat' dir='ltr'>Cum.</span> <span class='ocrx_word' id='word_1_323' title='bbox 1110 2858 1183 2910; x_wconf 79' lang='lat' dir='ltr'>XXll</span> 
     </span>
     <span class='ocr_line' id='line_1_32' title="bbox 139 2937 1183 3004; baseline -0.008 -8"><span class='ocrx_word' id='word_1_324' title='bbox 139 2961 193 2998; x_wconf 80' lang='lat' dir='ltr'>sec.</span> <span class='ocrx_word' id='word_1_325' title='bbox 207 2940 319 2994; x_wconf 81' lang='lat' dir='ltr'>brunok.</span> <span class='ocrx_word' id='word_1_326' title='bbox 339 2937 443 2990; x_wconf 78' lang='lat' dir='ltr'>Archiae</span> <span class='ocrx_word' id='word_1_327' title='bbox 455 2940 542 2991; x_wconf 76' lang='lat' dir='ltr'>Caum.</span> <span class='ocrx_word' id='word_1_328' title='bbox 563 2941 607 2992; x_wconf 85' lang='lat' dir='ltr'>Xl.</span> <span class='ocrx_word' id='word_1_329' title='bbox 623 2942 658 2991; x_wconf 92' lang='lat' dir='ltr'>Ut</span> <span class='ocrx_word' id='word_1_330' title='bbox 672 2941 811 2994; x_wconf 83' lang='lat' dir='ltr'>subtemen</span> <span class='ocrx_word' id='word_1_331' title='bbox 824 2942 908 2992; x_wconf 90' lang='lat' dir='ltr'>coiret</span> <span class='ocrx_word' id='word_1_332' title='bbox 920 2950 946 2990; x_wconf 90' lang='lat' dir='ltr'>et</span> <span class='ocrx_word' id='word_1_333' title='bbox 958 2937 1183 3004; x_wconf 74' lang='lat' dir='ltr'>condemnaretur,</span> 
     </span>
     <span class='ocr_line' id='line_1_33' title="bbox 140 3019 1182 3094; baseline -0.005 -18"><span class='ocrx_word' id='word_1_334' title='bbox 140 3022 234 3094; x_wconf 80' lang='lat' dir='ltr'>spotlra</span> <span class='ocrx_word' id='word_1_335' title='bbox 247 3033 316 3085; x_wconf 87' lang='lat' dir='ltr'>erat,</span> <span class='ocrx_word' id='word_1_336' title='bbox 328 3021 415 3070; x_wconf 86' lang='lat' dir='ltr'>lorma</span> <span class='ocrx_word' id='word_1_337' title='bbox 426 3031 517 3070; x_wconf 82' lang='lat' dir='ltr'>tamen</span> <span class='ocrx_word' id='word_1_338' title='bbox 534 3036 644 3087; x_wconf 85' lang='lat' dir='ltr'>prorsus</span> <span class='ocrx_word' id='word_1_339' title='bbox 656 3019 760 3072; x_wconf 81' lang='lat' dir='ltr'>diversa</span> <span class='ocrx_word' id='word_1_340' title='bbox 780 3038 797 3073; x_wconf 80' lang='lat' dir='ltr'>a</span> <span class='ocrx_word' id='word_1_341' title='bbox 817 3031 909 3072; x_wconf 86' lang='lat' dir='ltr'>nostro</span> <span class='ocrx_word' id='word_1_342' title='bbox 927 3021 1115 3082; x_wconf 80' lang='lat' dir='ltr'>instrumento,</span> <span class='ocrx_word' id='word_1_343' title='bbox 1129 3037 1182 3092; x_wconf 88' lang='lat' dir='ltr'>quo</span> 
     </span>
     <span class='ocr_line' id='line_1_34' title="bbox 141 3093 1183 3169; baseline -0.007 -14"><span class='ocrx_word' id='word_1_344' title='bbox 141 3115 228 3154; x_wconf 75' lang='lat' dir='ltr'>trama</span> <span class='ocrx_word' id='word_1_345' title='bbox 239 3099 373 3150; x_wconf 80' lang='lat' dir='ltr'>densetur.</span> <span class='ocrx_word' id='word_1_346' title='bbox 387 3095 475 3164; x_wconf 75' lang='lat' dir='ltr'>Atque</span> <span class='ocrx_word' id='word_1_347' title='bbox 486 3093 557 3162; x_wconf 72' lang='lat' dir='ltr'>hec,</span> <span class='ocrx_word' id='word_1_348' title='bbox 569 3097 598 3146; x_wconf 84' lang='lat' dir='ltr'>in</span> <span class='ocrx_word' id='word_1_349' title='bbox 609 3095 726 3152; x_wconf 88' lang='lat' dir='ltr'>editione</span> <span class='ocrx_word' id='word_1_350' title='bbox 738 3100 827 3169; x_wconf 87' lang='lat' dir='ltr'>priore</span> <span class='ocrx_word' id='word_1_351' title='bbox 837 3096 873 3150; x_wconf 79' lang='lat' dir='ltr'>ad</span> <span class='ocrx_word' id='word_1_352' title='bbox 881 3097 908 3149; x_wconf 90' lang='lat' dir='ltr'>b.</span> <span class='ocrx_word' id='word_1_353' title='bbox 916 3095 934 3147; x_wconf 90' lang='lat' dir='ltr'>l.</span> <span class='ocrx_word' id='word_1_354' title='bbox 949 3110 976 3148; x_wconf 88' lang='lat' dir='ltr'>et</span> <span class='ocrx_word' id='word_1_355' title='bbox 987 3115 1046 3168; x_wconf 86' lang='lat' dir='ltr'>sup</span> <span class='ocrx_word' id='word_1_356' title='bbox 1056 3097 1090 3148; x_wconf 83' lang='lat' dir='ltr'>sd</span> <span class='ocrx_word' id='word_1_357' title='bbox 1102 3099 1151 3149; x_wconf 88' lang='lat' dir='ltr'>Ge.</span> <span class='ocrx_word' id='word_1_358' title='bbox 1162 3100 1183 3166; x_wconf 87' lang='lat' dir='ltr'>l,</span> 
     </span>
     <span class='ocr_line' id='line_1_35' title="bbox 142 3172 1182 3250; baseline -0.001 -18"><span class='ocrx_word' id='word_1_359' title='bbox 142 3182 193 3250; x_wconf 70' lang='lat'>294</span> <span class='ocrx_word' id='word_1_360' title='bbox 205 3192 276 3232; x_wconf 87' lang='lat' dir='ltr'>recte</span> <span class='ocrx_word' id='word_1_361' title='bbox 286 3177 420 3247; x_wconf 83' lang='lat' dir='ltr'>exposito,</span> <span class='ocrx_word' id='word_1_362' title='bbox 431 3188 461 3225; x_wconf 90' lang='lat' dir='ltr'>ut</span> <span class='ocrx_word' id='word_1_363' title='bbox 473 3175 500 3226; x_wconf 90' lang='lat' dir='ltr'>in</span> <span class='ocrx_word' id='word_1_364' title='bbox 514 3173 597 3228; x_wconf 84' lang='lat' dir='ltr'>altera</span> <span class='ocrx_word' id='word_1_365' title='bbox 609 3172 725 3229; x_wconf 85' lang='lat' dir='ltr'>editione</span> <span class='ocrx_word' id='word_1_366' title='bbox 738 3175 902 3241; x_wconf 87' lang='lat' dir='ltr'>desererem,</span> <span class='ocrx_word' id='word_1_367' title='bbox 914 3176 988 3230; x_wconf 87' lang='lat' dir='ltr'>nullo</span> <span class='ocrx_word' id='word_1_368' title='bbox 997 3176 1182 3231; x_wconf 79' lang='lat' dir='ltr'>addamimedo</span> 
     </span>
     <span class='ocr_line' id='line_1_36' title="bbox 140 3259 280 3315; baseline -0.029 -3"><span class='ocrx_word' id='word_1_369' title='bbox 140 3259 280 3315; x_wconf 83' lang='lat' dir='ltr'>debebam.</span> 
     </span>
    </p>

    <p class='ocr_par' dir='ltr' id='par_1_5' title="bbox 139 3332 1183 4048">
     <span class='ocr_line' id='line_1_37' title="bbox 175 3332 1183 3391; baseline 0.002 -2"><span class='ocrx_word' id='word_1_370' title='bbox 175 3338 306 3390; x_wconf 85' lang='lat' dir='ltr'>Videntur</span> <span class='ocrx_word' id='word_1_371' title='bbox 323 3353 386 3388; x_wconf 84' lang='lat' dir='ltr'>sane</span> <span class='ocrx_word' id='word_1_372' title='bbox 403 3336 434 3389; x_wconf 85' lang='lat' dir='ltr'>iu</span> <span class='ocrx_word' id='word_1_373' title='bbox 448 3332 555 3386; x_wconf 81' lang='lat' dir='ltr'>texendi</span> <span class='ocrx_word' id='word_1_374' title='bbox 567 3347 623 3388; x_wconf 89' lang='lat' dir='ltr'>arte</span> <span class='ocrx_word' id='word_1_375' title='bbox 636 3346 663 3386; x_wconf 88' lang='lat' dir='ltr'>et</span> <span class='ocrx_word' id='word_1_376' title='bbox 674 3337 855 3390; x_wconf 76' lang='lat' dir='ltr'>instrumentis</span> <span class='ocrx_word' id='word_1_377' title='bbox 866 3337 996 3390; x_wconf 86' lang='lat' dir='ltr'>nonnulla</span> <span class='ocrx_word' id='word_1_378' title='bbox 1008 3337 1142 3391; x_wconf 72' lang='lat' dir='ltr'>diuersum</span> <span class='ocrx_word' id='word_1_379' title='bbox 1154 3340 1183 3391; x_wconf 88' lang='lat' dir='ltr'>in</span> 
     </span>
     <span class='ocr_line' id='line_1_38' title="bbox 140 3413 1182 3488; baseline -0.003 -16"><span class='ocrx_word' id='word_1_380' title='bbox 140 3418 251 3472; x_wconf 88' lang='lat' dir='ltr'>modum</span> <span class='ocrx_word' id='word_1_381' title='bbox 260 3437 287 3470; x_wconf 87' lang='lat' dir='ltr'>se</span> <span class='ocrx_word' id='word_1_382' title='bbox 299 3415 425 3468; x_wconf 85' lang='lat' dir='ltr'>babuisse</span> <span class='ocrx_word' id='word_1_383' title='bbox 441 3414 610 3484; x_wconf 83' lang='lat' dir='ltr'>sequioribus</span> <span class='ocrx_word' id='word_1_384' title='bbox 622 3413 800 3486; x_wconf 73' lang='lat' dir='ltr'>temporibusr</span> <span class='ocrx_word' id='word_1_385' title='bbox 813 3435 876 3468; x_wconf 88' lang='lat' dir='ltr'>nem</span> <span class='ocrx_word' id='word_1_386' title='bbox 885 3415 1046 3488; x_wconf 83' lang='lat' dir='ltr'>locus-apud</span> <span class='ocrx_word' id='word_1_387' title='bbox 1055 3417 1182 3476; x_wconf 68' lang='lat' dir='ltr'>Ovidium</span> 
     </span>
     <span class='ocr_line' id='line_1_39' title="bbox 139 3495 1182 3567; baseline 0.001 -18"><span class='ocrx_word' id='word_1_388' title='bbox 139 3500 205 3552; x_wconf 72' lang='lat' dir='ltr'>tter.</span> <span class='ocrx_word' id='word_1_389' title='bbox 225 3499 272 3564; x_wconf 88' lang='lat' dir='ltr'>vt,</span> <span class='ocrx_word' id='word_1_390' title='bbox 286 3495 320 3562; x_wconf 85' lang='grc'>54</span> <span class='ocrx_word' id='word_1_391' title='bbox 332 3513 389 3566; x_wconf 83' lang='lat' dir='ltr'>sqq.</span> <span class='ocrx_word' id='word_1_392' title='bbox 403 3507 555 3546; x_wconf 76' lang='lat' dir='ltr'>nostrorum</span> <span class='ocrx_word' id='word_1_393' title='bbox 567 3506 717 3566; x_wconf 76' lang='lat' dir='ltr'>temporum</span> <span class='ocrx_word' id='word_1_394' title='bbox 732 3507 840 3548; x_wconf 72' lang='lat' dir='ltr'>tentore</span> <span class='ocrx_word' id='word_1_395' title='bbox 850 3497 936 3567; x_wconf 72' lang='lat' dir='ltr'>magis</span> <span class='ocrx_word' id='word_1_396' title='bbox 947 3498 1090 3548; x_wconf 70' lang='lat' dir='ltr'>contenire</span> <span class='ocrx_word' id='word_1_397' title='bbox 1105 3497 1182 3550; x_wconf 86' lang='lat' dir='ltr'>ride·</span> 
     </span>
     <span class='ocr_line' id='line_1_40' title="bbox 141 3573 1183 3648; baseline 0 -20"><span class='ocrx_word' id='word_1_398' title='bbox 141 3590 201 3631; x_wconf 91' lang='lat' dir='ltr'>tur:</span> <span class='ocrx_word' id='word_1_399' title='bbox 215 3595 273 3648; x_wconf 73' lang='lat' dir='ltr'>que</span> <span class='ocrx_word' id='word_1_400' title='bbox 284 3589 371 3628; x_wconf 85' lang='lat' dir='ltr'>tamen</span> <span class='ocrx_word' id='word_1_401' title='bbox 380 3588 408 3628; x_wconf 87' lang='lat' dir='ltr'>et</span> <span class='ocrx_word' id='word_1_402' title='bbox 418 3576 479 3644; x_wconf 85' lang='lat' dir='ltr'>ipsa</span> <span class='ocrx_word' id='word_1_403' title='bbox 491 3585 530 3624; x_wconf 83' lang='lat' dir='ltr'>est</span> <span class='ocrx_word' id='word_1_404' title='bbox 541 3573 687 3628; x_wconf 85' lang='lat' dir='ltr'>admodum</span> <span class='ocrx_word' id='word_1_405' title='bbox 698 3574 804 3628; x_wconf 78' lang='lat' dir='ltr'>diverte</span> <span class='ocrx_word' id='word_1_406' title='bbox 812 3576 840 3628; x_wconf 89' lang='lat' dir='ltr'>in</span> <span class='ocrx_word' id='word_1_407' title='bbox 849 3574 960 3628; x_wconf 83' lang='lat' dir='ltr'>divertis</span> <span class='ocrx_word' id='word_1_408' title='bbox 970 3574 1112 3646; x_wconf 65' lang='lat' dir='ltr'>generibus</span> <span class='ocrx_word' id='word_1_409' title='bbox 1122 3598 1127 3625; x_wconf 96' lang='lat'><strong>:</strong></span> <span class='ocrx_word' id='word_1_410' title='bbox 1139 3595 1183 3644; x_wconf 83' lang='lat' dir='ltr'>ea,</span> 
     </span>
     <span class='ocr_line' id='line_1_41' title="bbox 142 3651 1183 3728; baseline 0.002 -20"><span class='ocrx_word' id='word_1_411' title='bbox 142 3675 196 3728; x_wconf 89' lang='lat' dir='ltr'>qua</span> <span class='ocrx_word' id='word_1_412' title='bbox 203 3657 324 3710; x_wconf 85' lang='lat' dir='ltr'>homines</span> <span class='ocrx_word' id='word_1_413' title='bbox 333 3655 400 3706; x_wconf 91' lang='lat' dir='ltr'>ineo</span> <span class='ocrx_word' id='word_1_414' title='bbox 407 3671 519 3725; x_wconf 66' lang='lat' dir='ltr'>genere,</span> <span class='ocrx_word' id='word_1_415' title='bbox 527 3651 603 3723; x_wconf 84' lang='lat' dir='ltr'>quoti</span> <span class='ocrx_word' id='word_1_416' title='bbox 610 3651 689 3707; x_wconf 77' lang='lat' dir='ltr'>boote</span> <span class='ocrx_word' id='word_1_417' title='bbox 699 3651 748 3706; x_wconf 81' lang='lat' dir='ltr'>lice</span> <span class='ocrx_word' id='word_1_418' title='bbox 756 3653 920 3726; x_wconf 83' lang='lat' dir='ltr'>appellatur,</span> <span class='ocrx_word' id='word_1_419' title='bbox 930 3666 1054 3715; x_wconf 85' lang='lat' dir='ltr'>utuntur,</span> <span class='ocrx_word' id='word_1_420' title='bbox 1061 3657 1183 3726; x_wconf 77' lang='lat' dir='ltr'>proxime</span> 
     </span>
     <span class='ocr_line' id='line_1_42' title="bbox 142 3733 1179 3806; baseline -0.002 -18"><span class='ocrx_word' id='word_1_421' title='bbox 142 3734 246 3788; x_wconf 83' lang='lat' dir='ltr'>accedit</span> <span class='ocrx_word' id='word_1_422' title='bbox 258 3733 293 3788; x_wconf 87' lang='lat' dir='ltr'>ad</span> <span class='ocrx_word' id='word_1_423' title='bbox 308 3734 489 3803; x_wconf 83' lang='lat' dir='ltr'>antiquiorum</span> <span class='ocrx_word' id='word_1_424' title='bbox 507 3750 622 3784; x_wconf 81' lang='lat' dir='ltr'>morem:</span> <span class='ocrx_word' id='word_1_425' title='bbox 641 3746 669 3784; x_wconf 90' lang='lat' dir='ltr'>ut</span> <span class='ocrx_word' id='word_1_426' title='bbox 688 3746 789 3786; x_wconf 85' lang='lat' dir='ltr'>taceam</span> <span class='ocrx_word' id='word_1_427' title='bbox 807 3751 908 3785; x_wconf 87' lang='lat' dir='ltr'>murem</span> <span class='ocrx_word' id='word_1_428' title='bbox 920 3733 1025 3786; x_wconf 80' lang='lat' dir='ltr'>texendi</span> <span class='ocrx_word' id='word_1_429' title='bbox 1037 3735 1179 3806; x_wconf 81' lang='lat' dir='ltr'>ludorum,</span> 
     </span>
     <span class='ocr_line' id='line_1_43' title="bbox 140 3811 1183 3884; baseline 0.001 -18"><span class='ocrx_word' id='word_1_430' title='bbox 140 3814 321 3881; x_wconf 70' lang='lat' dir='ltr'>latomorum,</span> <span class='ocrx_word' id='word_1_431' title='bbox 331 3812 497 3882; x_wconf 86' lang='lat' dir='ltr'>aliorumque</span> <span class='ocrx_word' id='word_1_432' title='bbox 513 3811 653 3866; x_wconf 79' lang='lat' dir='ltr'>mdiorum</span> <span class='ocrx_word' id='word_1_433' title='bbox 665 3811 840 3884; x_wconf 82' lang='lat' dir='ltr'>populorum,</span> <span class='ocrx_word' id='word_1_434' title='bbox 854 3813 900 3883; x_wconf 88' lang='lat' dir='ltr'>qui</span> <span class='ocrx_word' id='word_1_435' title='bbox 917 3813 1061 3882; x_wconf 75' lang='lat' dir='ltr'>antiquiori</span> <span class='ocrx_word' id='word_1_436' title='bbox 1074 3815 1183 3868; x_wconf 82' lang='lat' dir='ltr'>texendi</span> 
     </span>
     <span class='ocr_line' id='line_1_44' title="bbox 141 3891 1182 3969; baseline 0.001 -24"><span class='ocrx_word' id='word_1_437' title='bbox 141 3896 239 3948; x_wconf 88' lang='lat' dir='ltr'>rationi</span> <span class='ocrx_word' id='word_1_438' title='bbox 252 3895 363 3948; x_wconf 84' lang='lat' dir='ltr'>maxime</span> <span class='ocrx_word' id='word_1_439' title='bbox 376 3891 538 3963; x_wconf 84' lang='lat' dir='ltr'>respondere</span> <span class='ocrx_word' id='word_1_440' title='bbox 548 3891 660 3948; x_wconf 77' lang='lat' dir='ltr'>ridetur.</span> <span class='ocrx_word' id='word_1_441' title='bbox 679 3894 778 3948; x_wconf 80' lang='lat' dir='ltr'>Verum</span> <span class='ocrx_word' id='word_1_442' title='bbox 785 3893 830 3946; x_wconf 85' lang='lat' dir='ltr'>hie</span> <span class='ocrx_word' id='word_1_443' title='bbox 842 3891 876 3946; x_wconf 84' lang='lat' dir='ltr'>tle</span> <span class='ocrx_word' id='word_1_444' title='bbox 885 3895 999 3948; x_wconf 71' lang='lat' dir='ltr'>muira</span> <span class='ocrx_word' id='word_1_445' title='bbox 1009 3894 1084 3966; x_wconf 80' lang='lat' dir='ltr'>apud</span> <span class='ocrx_word' id='word_1_446' title='bbox 1094 3897 1182 3969; x_wconf 66' lang='lat' dir='ltr'>Virgi-</span> 
     </span>
     <span class='ocr_line' id='line_1_45' title="bbox 141 3971 980 4048; baseline -0.002 -20"><span class='ocrx_word' id='word_1_447' title='bbox 141 3973 208 4028; x_wconf 89' lang='lat' dir='ltr'>lium</span> <span class='ocrx_word' id='word_1_448' title='bbox 219 3972 254 4028; x_wconf 81' lang='lat' dir='ltr'>ad</span> <span class='ocrx_word' id='word_1_449' title='bbox 265 3973 435 4027; x_wconf 80' lang='lat' dir='ltr'>Homericum</span> <span class='ocrx_word' id='word_1_450' title='bbox 446 3971 594 4044; x_wconf 79' lang='lat' dir='ltr'>exemplum</span> <span class='ocrx_word' id='word_1_451' title='bbox 605 3986 761 4048; x_wconf 80' lang='lat' dir='ltr'>comparata</span> <span class='ocrx_word' id='word_1_452' title='bbox 772 3973 909 4045; x_wconf 70' lang='lat' dir='ltr'>agebatur.</span> <span class='ocrx_word' id='word_1_453' title='bbox 976 3979 980 3982; x_wconf 80' lang='grc'><strong>’</strong></span> 
     </span>
    </p>
   </div>
   <div class='ocr_carea' id='block_1_4' title="bbox 0 0 1490 4696">
    <p class='ocr_par' dir='ltr' id='par_1_6' title="bbox 0 0 1490 4696">
     <span class='ocr_line' id='line_1_46' title="bbox 0 0 1490 4696; baseline 0 0"><span class='ocrx_word' id='word_1_454' title='bbox 0 0 1490 4696; x_wconf 95' lang='lat' dir='ltr'> </span> 
     </span>
    </p>
   </div>
  </div>
 </body>
</html>
