3028 4682
303 405 367 486 254
549 403 583 463 Ρ.
608 399 842 463 vtlthLtt
865 399 1097 468 Minonis

303 526 369 606 590.
379 527 495 584 Verum
503 543 602 606 quum
610 520 676 595 ille,
689 521 863 582 etiatorum
875 537 906 582 et
915 521 1040 584 faederis
1052 545 1153 606 nuper
1163 547 1232 587 cum
1239 523 1347 608 Troja-

301 616 350 673 nis
364 615 434 673 initi
449 632 584 686 memor,
597 608 709 670 adduci
722 631 786 670 nou
798 625 914 692 posset,
927 626 964 671 ut
975 609 1038 672 illis
1049 611 1166 673 bellum
1179 613 1346 690 indiceret,

300 704 384 761 luno
399 703 467 782 ipsa
481 697 557 758 belli
569 713 676 779 portas
691 699 815 779 aperuit
825 701 941 759 -622
960 701 1057 760 Turni
1072 704 1213 784 auspicio
1227 703 1265 761 ad
1280 701 1348 763 bel·

300 788 368 849 lum
389 790 529 869 sequitur
545 787 716 846 Mezentius
736 807 799 845 una
819 808 890 847 cum
912 789 1013 848 Lauso
1032 787 1099 848 filio
1115 794 1160 835 -’
1170 787 1225 864 654
1241 813 1247 848 :
1269 792 1345 851 item

299 878 483 949 Aventinus,
501 873 644 934 Herculis
661 895 696 933 ex
711 872 796 934 Rhea
811 872 895 934 filius
909 911 948 920 —
963 877 1038 956 669:
1060 875 1192 936 Catillus
1204 891 1234 936 et
1247 879 1345 938 Coras

299 965 472 1039 Tiburtini,
484 963 595 1024 fratres
609 995 643 1012 -
655 963 731 1046 677:
746 963 878 1024 Camilla
888 984 905 1023 e
915 963 1101 1026 Volscorum
1114 981 1219 1046 gente,
1231 966 1346 1026 mulier

298 1055 469 1114 fortissima
481 1053 706 1134 (803-817):
722 1052 838 1132 aliique
847 1052 1042 1135 complures:
1057 1076 1192 1138 quorum
1205 1075 1344 1115 recensus

256 1141 259 1148 ’
299 1141 373 1202 inde
387 1163 405 1201 a
418 1163 448 1201 v.
462 1142 520 1224 678
533 1139 572 1200 ad
586 1139 681 1200 finem
696 1140 767 1199 libri
783 1138 958 1220 subjicitur.

331 1325 467 1378 lnlinitum
484 1338 570 1394 esset,
588 1327 611 1378 si
633 1345 796 1378 commemo·
844 1325 972 1398 Augustei
995 1327 1043 1376 ari
1067 1342 1145 1377 sensu
1170 1343 1200 1378 ae
1219 1322 1342 1392 judicio,

298 1425 357 1459 rare
370 1409 474 1471 omnia,
487 1405 589 1458 diluere
609 1425 639 1458 ac
656 1405 795 1472 reiellere,
844 1406 979 1458 communi
990 1416 1090 1457 naturas
1105 1404 1226 1456 bumanae
1239 1403 1296 1475 lege
1308 1422 1342 1454 ao

296 1486 408 1553 vellem,
421 1504 479 1557 quae
489 1504 570 1554 super
581 1503 626 1537 sex
640 1485 795 1556 posteriori·
844 1500 930 1548 more,
944 1485 1066 1535 carminis
1084 1484 1153 1555 epici
1170 1483 1343 1534 interioribus

297 1565 347 1616 bus
366 1565 483 1618 AEneidis
501 1565 576 1616 libris
592 1584 607 1616 a
625 1567 688 1615 viris
708 1565 793 1615 doctis
843 1565 957 1624 caussis,
969 1563 1057 1616 aliena
1074 1576 1136 1614 sunt
1154 1564 1298 1634 pleraque,
1311 1577 1344 1614 nt

296 1644 431 1716 disputata
452 1657 522 1696 sunt.
544 1643 617 1696 Solet
634 1645 690 1696 l'ere
710 1661 795 1694 unus-
843 1641 889 1692 illa
901 1645 1000 1694 centies
1014 1656 1121 1695 recocta
1138 1645 1232 1694 iterum
1253 1642 1343 1712 perle-

295 1726 407 1796 quisque
437 1738 577 1796 acceptum
600 1723 653 1776 hoc
678 1723 711 1776 ab
735 1723 794 1775 aliis
842 1739 921 1792 gere,
942 1723 1037 1775 iterum
1058 1721 1197 1788 refellere,
1220 1722 1342 1774 molestis

295 1802 401 1856 tradere
413 1825 418 1854 :
430 1805 570 1855 inferiores
587 1821 643 1856 esse
660 1819 705 1854 eos
718 1802 792 1854 libris
843 1808 914 1858 omni
927 1807 1063 1859 molestius
1074 1809 1116 1858 sit.
1135 1819 1140 1832 ·

294 1902 340 1935 sex
358 1885 492 1955 prioribus
516 1884 676 1936 intentionis
695 1883 792 1949 laude,
877 1887 911 1936 Ut
931 1900 1019 1938 tamen
1041 1887 1266 1960 interpretationis
1286 1884 1341 1938 bec

294 1966 391 2035 spirita
402 1966 525 2036 poetico,
536 1976 562 2016 et
574 1975 792 2015 ornamentorum
840 1981 924 2036 penus
944 1983 1048 2030 mum,
1070 1966 1143 2036 qnod
1155 1983 1209 2018 non
1222 1965 1342 2018 desub·-

293 2046 374 2114 copia
390 2063 421 2096 sc
432 2047 581 2096 varietate:
597 2046 688 2113 itaque
704 2041 791 2094 multo
840 2046 909 2098 rium
925 2063 982 2098 esse
1000 2046 1035 2098 ab
1054 2047 1130 2098 initio
1147 2044 1269 2111 decrevi,
1288 2045 1343 2097 sibi

292 2128 422 2177 minorent
436 2125 603 2197 voluptatem
619 2141 665 2176 aot
681 2123 793 2195 legenti·
841 2138 960 2192 constet,
971 2145 1026 2178 uon
1041 2125 1150 2178 omnino
1164 2143 1209 2176 ess
1223 2126 1342 2196 argutias

292 2203 343 2256 bru
363 2207 479 2270 afferre,
500 2206 601 2258 remitti
625 2206 743 2256 animum
764 2217 792 2256 et
840 2209 1041 2275 pretermittere
1066 2207 1138 2258 licet.
1163 2207 1342 2276 Perstriugam

292 2287 336 2338 vix
348 2285 475 2358 episodiis
487 2285 590 2357 aliquot
604 2283 707 2336 idoneis
720 2285 791 2335 exci—
839 2287 930 2358 itaque
951 2288 1105 2339 brevissime
1124 2287 1231 2358 potiora
1250 2303 1342 2356 repre-

292 2366 352 2426 tari,
362 2365 526 2438 sclanguore
534 2363 653 2415 absterso
661 2363 789 2423 recreari,
839 2363 996 2418 ltensionum
1004 2403 1012 2430 ,
1020 2365 1063 2417 vel
1073 2363 1183 2418 laudum
1196 2366 1301 2435 capita,
1313 2377 1342 2418 et

290 2463 341 2496 nec
355 2446 450 2494 mirum
464 2461 537 2508 esse,
548 2443 569 2493 si
579 2441 635 2493 baec
650 2443 688 2493 ita
701 2458 728 2492 se
742 2440 790 2492 ba·
839 2457 966 2516 tanquam
983 2445 1034 2497 levi
1052 2445 1136 2518 digito
1149 2447 1275 2518 ottingam
1288 2463 1339 2509 ea,

290 2521 384 2576 beant:
396 2541 475 2592 quum
482 2523 602 2573 ultimam
609 2539 716 2572 manum
724 2539 790 2590 poe·
839 2543 896 2594 quae
915 2527 1014 2576 caussis
1033 2525 1137 2576 idoneis
1154 2525 1181 2576 in
1196 2539 1339 2594 utramque

290 2615 323 2650 tas
340 2603 451 2652 carmini
466 2601 550 2652 fatum
561 2599 693 2652 inviderit.
708 2599 789 2665 Quod
836 2615 940 2673 partem
955 2603 1062 2655 destitui
1073 2603 1198 2674 equidem
1214 2604 1337 2655 emittar.

289 2697 324 2730 ne
343 2681 441 2733 frustra
467 2699 482 2732 a
504 2679 639 2731 veteribus
662 2679 789 2731 traditum
837 2684 976 2734 Actionem
989 2685 1064 2734 aiunt
1077 2683 1111 2735 ab
1127 2682 1181 2734 boe
1191 2682 1339 2752 libropro-

289 2771 375 2825 esset,
386 2761 437 2810 viri
453 2759 526 2810 docti
544 2751 788 2829 circumspexerunt
836 2761 931 2814 cedere
941 2765 1066 2814 carminis
1079 2763 1208 2827 alterum,
1221 2781 1237 2816 a
1249 2764 1339 2834 priore

288 2837 420 2904 solliciti,
443 2838 569 2908 quidpnm
598 2837 665 2888 illnd
695 2849 786 2900 esset,
837 2840 986 2908 diversam,
999 2843 1073 2912 quod
1086 2843 1120 2896 ab
1133 2843 1341 2894 unitatecsrmi·

289 2918 363 2990 quod
375 2918 530 2970 inchoatum
544 2929 662 2981 tantum,
674 2935 729 2968 non
742 2916 788 2968 ab·
837 2921 878 2972 nis
894 2922 965 2992 epici
983 2937 1114 2992 quesitum
1134 2921 1276 2974 abhorret!
1296 2938 1338 2974 res

289 2999 423 3065 solutum,
441 3001 469 3050 in
485 2997 526 3050 bis
541 2997 617 3050 libris
632 2997 787 3052 babendum
836 3001 863 3050 iu
876 2998 1067 3072 ltaliagestan
1081 2999 1162 3072 idque
1174 3002 1263 3071 ipsum
1273 3017 1340 3070 poe-

288 3081 330 3132 sit.
837 3093 889 3130 tam
901 3097 954 3130 non
961 3081 1107 3150 ignorasse,
1116 3081 1243 3150 quumsic
1251 3077 1340 3132 ordia·

323 3161 366 3212 Me
381 3159 585 3211 dissimillimum
598 3177 654 3210 esse
676 3177 785 3224 eorum,
835 3173 879 3210 tur
895 3161 1074 3211 narrationem
1091 3178 1117 3209 v.
1137 3158 1179 3226 44.
1199 3159 1233 3226 45
1250 3158 1336 3229 Major

194 3240 199 3250 '
288 3241 333 3312 qui
343 3257 411 3291 oseca
420 3237 521 3310 Virgilii
530 3236 706 3290 admiratione
716 3239 786 3310 eapti
836 3255 921 3290 rernm
935 3235 1003 3288 milti
1023 3238 1140 3289 nascitur
1155 3237 1339 3307 ordozlllojtts

288 3322 356 3384 sint,
369 3332 424 3382 tot,
435 3317 596 3390 puto,locis
612 3337 628 3368 a
644 3337 686 3368 me
698 3317 787 3369 decla·
836 3335 900 3388 opus
911 3335 1021 3368 moveo:
1041 3335 1102 3370 eum
1119 3329 1208 3368 autem
1224 3319 1250 3368 in
1264 3316 1337 3368 lnrnc

286 3413 373 3450 ratum
386 3410 441 3461 ett,
455 3411 483 3448 ut
497 3399 524 3448 in
541 3397 702 3448 contrariam
719 3397 787 3447 adeo
836 3415 952 3449 errorem
962 3397 1115 3462 inductum,
1128 3397 1201 3468 quod
1213 3413 1259 3448 sex
1268 3398 1341 3468 ptio-

286 3478 521 3550 repreltensionern
545 3476 664 3528 incidere
687 3477 786 3527 multo-
836 3477 910 3528 ribus
922 3477 998 3529 libris
1007 3477 1172 3554 (lrlqsseam,
1186 3477 1229 3528 bis
1246 3477 1338 3531 alteris

283 3579 345 3610 rum
359 3559 462 3630 judicio
481 3557 566 3610 videri
582 3559 691 3628 possim.
704 3557 785 3609 Omni
834 3577 879 3610 sex
890 3558 1001 3610 Iliaden
1014 3557 1156 3612 redhibere
1166 3572 1193 3611 et
1203 3561 1338 3629 exprime-

284 3641 364 3710 igitur
376 3637 523 3710 cupiditate
535 3656 567 3690 ac
580 3635 671 3688 studio
684 3638 712 3688 in
720 3655 784 3707 poe·
834 3638 997 3690 revaluerit.
1013 3639 1112 3706 Quod,
1127 3640 1149 3690 si
1168 3637 1234 3710 qaid
1246 3637 1337 3703 aliud,

283 3729 339 3770 tam
350 3716 591 3786 deposito,tamen
600 3718 659 3785 jure
672 3734 731 3768 meo
741 3735 783 3768 me
832 3715 932 3768 frustra
957 3717 1090 3784 sumitur,
1114 3719 1164 3768 etsi
1183 3719 1239 3786 jam
1265 3717 1337 3768 inter

284 3791 337 3846 boc
353 3797 527 3864 pronuntiare
546 3795 679 3860 arbitror,
693 3796 722 3846 in
741 3793 783 3846 bis
832 3796 959 3848 Serviana
971 3810 1132 3868 nugamenta
1147 3796 1197 3868 (ad
1209 3787 1259 3848 1511ss
1268 3797 1335 3860 Vll,

284 3875 496 3946 argutationibus
513 3893 601 3946 pauca
622 3895 697 3940 esse,
721 3893 779 3948 qua·
834 3875 863 3946 t)
875 3873 1056 3938 venditatum
1070 3897 1135 3943 nce,
1149 3879 1171 3928 si
1181 3879 1207 3928 in
1220 3873 1335 3948 singulis

282 3955 339 4004 viro
348 3953 539 4026 intelligentise
548 3955 662 4027 probare
667 3957 778 4028 possint.
828 3957 960 4027 partibus,
968 3957 1010 4009 vel
1021 3957 1148 4029 episodiis
1156 3959 1266 4009 Homeri
1276 3975 1334 4008 ves.

281 4033 357 4088 Adeo
378 4055 394 4089 a
406 4050 491 4108 poetae
512 4037 642 4104 consilio,
655 4039 779 4090 carminis
829 4038 899 4108 tigiis
912 4037 1009 4090 insistit
1020 4039 1114 4103 Maro,
1127 4055 1187 4090 eum
1199 4039 1236 4089 ita
1246 4039 1336 4090 imita-

281 4128 450 4187 argumento,
467 4113 581 4166 heroica
596 4118 655 4166 vitre
672 4114 779 4181 indole,
829 4129 871 4168 tus
893 4135 949 4170 esse
975 4117 1047 4171 credi
1069 4117 1203 4185 debebat,
1221 4129 1251 4170 ut
1272 4119 1335 4188 ejus
