2968 4696
472 393 535 455 AD
558 389 759 454 LIBRUM
781 389 868 453 Vll.
1144 393 1208 460 363

201 517 262 569 Non
270 518 348 588 longe
357 516 473 568 acastris
482 513 534 580 his,
542 527 568 566 et
579 514 693 566 a’l'iberi
701 531 792 565 versus
800 515 927 565 orientem
937 515 1208 581 aberatlaunentum‚

167 614 199 649 eo
209 597 270 648 loco
282 599 375 660 situm,
388 595 434 665 qui
446 611 517 644 nunc
537 593 651 643 Paterno
671 605 697 644 et
718 591 798 644 Terre
810 591 838 642 di
851 593 964 644 Polemo
974 607 1101 660 vocatur,
1114 607 1143 646 ut
1162 594 1210 646 do-

168 691 228 728 eeut
241 676 347 728 Cluver.
358 674 416 726 ltal.
431 687 484 726 ant.
499 691 524 745 p.
539 673 600 738 883,
609 685 635 724 et
643 691 674 724 ex
682 672 809 725 Fabretto
818 672 933 744 Vulpius
943 676 1001 726 Vet.
1015 675 1071 728 Lat.
1081 677 1156 726 Tom.
1165 675 1211 740 Vl,

167 776 197 827 p.
211 773 253 825 29.
267 757 366 808 Locum
378 757 401 808 S.
416 756 529 806 Lorenzo
542 753 587 805 alii
602 771 742 825 perperam
753 753 878 805 Laurenti
891 757 1001 826 vestigia
1012 755 1112 808 habere
1125 754 1212 807 credi·

169 835 274 887 derunt.
287 835 330 886 Ad
342 835 435 886 urbem
447 836 497 886 iter
510 833 603 884 AEneas
616 833 680 883 fecit
694 834 798 904 agmine
812 831 847 883 ud
858 832 966 898 laevum,
980 853 995 885 a
1008 836 1212 906 septemtrione,

169 914 368 978 circumducto,
381 933 429 986 per
441 914 523 966 saltus
536 928 561 966 et
575 912 657 964 clivos
670 911 742 963 silvis
758 910 805 963 illo
823 925 941 984 tempore
959 916 1092 966 consitos:
1106 914 1139 966 de
1152 915 1213 985 qui·

169 993 220 1046 bus
234 997 379 1062 v.int.x1,
393 995 444 1048 513
457 1011 515 1066 sqq.
530 991 579 1046 522
593 1011 650 1064 sqq.
666 991 708 1043 Ad
721 992 839 1044 dextram
852 1012 944 1046 versus
961 995 1092 1046 literalem
1107 995 1213 1066 plagam

171 1075 309 1146 aperiebat
320 1093 348 1128 se
362 1091 516 1145 camporum
530 1072 669 1144 planities,
682 1073 709 1123 in
723 1089 776 1142 qua
786 1075 914 1142 equestris
923 1092 1013 1146 pugna
1022 1075 1102 1136 lacta.
1115 1073 1144 1124 ln
1158 1091 1218 1124 eos-

172 1151 234 1204 dem
246 1171 355 1224 campos
369 1152 548 1206 descendebat
560 1169 653 1222 agmen
666 1150 804 1221 pedestre,
817 1169 899 1222 quum
916 1152 951 1204 ad
961 1153 1054 1205 urbem
1067 1151 1215 1224 appropin-

172 1243 284 1300 quaret:
298 1233 349 1297 Xl,
361 1233 518 1302 903-907.
532 1229 632 1282 Castris
645 1230 683 1280 ibi
694 1231 788 1301 positis
802 1228 885 1282 altero
899 1230 955 1298 die,
972 1230 1072 1284 tedere
1087 1243 1113 1282 et
1129 1241 1215 1282 certa·

53 1357 60 1365 .
169 1312 241 1362 mine
253 1314 380 1385 singulari
392 1314 460 1364 inter
471 1313 590 1362 'lirrnum
603 1321 629 1362 et
641 1311 750 1362 AEneam
761 1311 861 1362 frustra
870 1313 1030 1375 constituto,
1043 1310 1216 1362 tumultuaria

171 1394 288 1443 exoritur
295 1411 398 1466 pugna:
410 1411 489 1464 quam
499 1409 580 1462 quum
589 1392 616 1442 in
623 1403 746 1442 neutram
756 1405 860 1463 partem
870 1391 992 1443 inclinari
1000 1391 1101 1444 videret
1111 1391 1217 1452 AEneas,

171 1469 260 1520 subito
272 1485 375 1542 partem
387 1473 516 1524 exercitus
530 1469 565 1521 ad
578 1467 671 1521 urbem
686 1469 895 1540 oppugnandam
911 1469 1042 1522 admovet.
1057 1468 1177 1522 Tandem
1189 1469 1217 1518 in

171 1548 265 1601 eadem
277 1569 432 1621 camporum
444 1549 555 1622 planitie
565 1561 729 1600 concurrunt
740 1548 846 1599 Turnus
866 1560 892 1599 et
909 1551 1022 1614 AEneas,
1042 1567 1132 1620 pugna
1143 1549 1217 1599 facta

173 1645 231 1698 quse
248 1632 384 1683 AEneidem
400 1630 522 1682 absolvit.
539 1629 617 1700 Fugit
635 1629 723 1679 fracto
743 1647 805 1680 ense
821 1629 945 1680 Turnus:
959 1629 1089 1682 inclusum
1104 1645 1132 1680 se
1145 1624 1217 1677 ridet

170 1707 289 1779 undique
302 1729 318 1762 a
330 1727 430 1762 corona
443 1711 632 1782 spectantinru':
646 1707 733 1778 Atque
746 1705 808 1757 ltine
820 1717 889 1760 vasta
898 1706 976 1778 paliis
989 1707 1052 1759 ltine
1063 1709 1146 1759 ardua
1155 1723 1216 1757 moe-

171 1789 219 1839 nio
233 1790 344 1863 cinpunt
354 1791 415 1858 Xll,
429 1789 488 1860 745.
502 1787 607 1840 Scilicet
623 1786 664 1838 hm
683 1801 743 1840 sum
754 1786 865 1858 paludes
876 1787 1044 1840 Laurentina
1052 1826 1061 1853 ,
1075 1785 1110 1839 ad
1124 1785 1218 1838 urbem

173 1887 257 1940 usque
268 1870 422 1942 productae:
437 1869 533 1941 quibus
546 1870 664 1920 lauram
683 1865 727 1918 lrie
743 1879 844 1919 tractus
857 1869 1001 1920 etiamnum
1014 1869 1100 1920 invius
1110 1879 1136 1920 et
1149 1869 1221 1918 inac-

174 1967 263 2000 cessus
276 1963 315 2001 est
326 1973 332 2000 ε
345 1951 415 2002 idem
426 1963 514 2002 tamen
526 1950 597 2019 apris
607 1949 748 2017 frequens,
760 1965 827 2018 quos
837 1949 915 2000 toties
925 1962 1011 2020 poeta
1024 1959 1181 2000 memorant.
1193 1965 1220 1996 v.

173 2027 279 2078 Cluver.
293 2047 320 2098 p.
334 2029 400 2094 886,
414 2029 473 2097 887.
486 2027 599 2098 Vulpins
617 2025 634 2076 l.
654 2045 677 2076 c.
693 2046 719 2097 p.
734 2026 777 2076 36.
800 2025 833 2075 Et
852 2026 884 2078 de
901 2030 932 2078 iis
949 2030 1006 2098 ipse
1024 2029 1100 2079 Maro
1120 2025 1167 2078 lib.
1179 2025 1220 2090 X,

177 2122 225 2175 ¹⁰7
239 2125 297 2178 sqq.
311 2125 388 2179 oper,
402 2125 480 2177 quern
493 2105 591 2157 multos
604 2123 689 2156 annos
700 2105 819 2174 defendit
827 2104 905 2174 palus
915 2107 1075 2170 Laurentia,
1087 2105 1151 2158 silua
1160 2123 1219 2176 pas·

174 2193 215 2236 tut
226 2186 382 2237 arundinea.
398 2185 461 2236 Erat
480 2187 560 2257 igitur
576 2183 696 2254 paluster
713 2181 758 2233 hic
777 2194 876 2232 tractus
888 2185 988 2252 passim
1000 2182 1073 2234 silvis
1084 2185 1219 2235 consitus:

173 2266 216 2315 uti
226 2267 334 2316 omnino
347 2283 469 2338 magnam
485 2266 540 2337 agri
553 2263 707 2314 Laurentini
723 2273 828 2332 partem
848 2260 913 2312 silua
929 2261 1091 2314 Laurentina
1108 2277 1221 2331 occupa·

176 2343 231 2394 bat.
248 2343 338 2396 Latius
351 2355 439 2397 tamen
459 2363 491 2397 ea
510 2343 705 2414 antiquioribus
724 2340 889 2412 temporibus
906 2339 1051 2413 procedere
1069 2339 1170 2392 debuit.
1183 2339 1222 2392 Ea

177 2435 230 2488 est,
243 2423 277 2476 de
290 2443 343 2495 qua
355 2425 400 2477 tib,
415 2425 451 2475 tv
462 2441 499 2476 vs.
514 2423 562 2478 381
579 2441 637 2494 sqq.
653 2421 802 2493 accipiendi
813 2443 819 2471 ε
832 2419 905 2472 Silua
912 2421 973 2492 suit
984 2421 1036 2473 late
1049 2421 1131 2473 dumis
1143 2429 1222 2493 atquc

178 2502 239 2554 ilice
254 2505 329 2578 nipra
346 2505 470 2557 Horrida.
483 2505 532 2557 Per
544 2504 594 2556 has
605 2506 697 2576 fugam
714 2503 830 2554 faciebat
848 2501 928 2553 Nisus
942 2505 1034 2555 castris
1050 2519 1170 2574 egressus
1188 2498 1223 2552 ad

176 2584 463 2637 interioraloeaversus
471 2597 574 2636 montes
586 2583 715 2647 Albanos,
728 2595 754 2634 et
765 2582 810 2652 qui
820 2582 852 2632 iis
862 2581 968 2648 subest,
979 2582 1068 2635 lacum
1077 2581 1221 2646 Albanum,

177 2663 212 2714 ad
225 2682 303 2735 quem
314 2664 424 2718 Latinus
437 2677 623 2718 ementatum
633 2663 766 2716 habebat:
783 2659 846 2713 ibid.
860 2662 910 2732 387
923 2679 963 2735 sq.

212 2745 236 2795 A
245 2746 394 2811 Laurento,
410 2748 432 2798 si
444 2746 478 2797 ad
491 2747 620 2799 orientem
636 2744 728 2817 paullo
747 2742 825 2794 altius
838 2744 865 2793 in
874 2743 1071 2798 Mediterranea
1084 2761 1222 2816 proeesse-

175 2841 234 2890 ras,
245 2827 282 2876 lll
294 2827 330 2877 M.
345 2843 470 2898 passuum
481 2845 497 2878 a
508 2828 592 2890 mari,
605 2825 748 2875 Lavinium
763 2822 797 2876 ab
810 2824 950 2875 AEuealuit
961 2825 1113 2877 conditum:
1127 2825 1185 2876 urbs
1197 2835 1222 2874 et

177 2904 303 2974 promissa
316 2903 414 2956 Latrim
432 2905 528 2956 moenia
546 2903 593 2956 lib.
607 2903 632 2968 l,
653 2903 713 2956 258.
726 2904 790 2954 'l'ria
802 2904 853 2954 ista
865 2921 992 2973 passuum
1011 2903 1094 2954 millia
1110 2902 1223 2954 redeunt

179 2983 214 3033 ad
228 2983 312 3032 XXIV
325 2984 425 3048 stadia,
438 3001 496 3053 quae
507 2983 602 3036 Strabo
615 2982 661 3034 lib.
674 2984 713 3048 V,
727 3004 753 3055 p.
767 2981 819 3036 350
831 2983 864 3048 ll,
877 2995 903 3034 et
919 2983 1027 3056 Dionys.
1040 2983 1065 3046 l,
1078 2981 1112 3034 56
1124 2999 1223 3034 memo·

178 3073 247 3113 rant.
260 3063 282 3111 A
295 3063 379 3116 Roma
393 3063 485 3116 aberat
496 3063 580 3114 millia
596 3079 724 3133 passuum
743 3063 801 3113 XX.
822 3061 878 3114 Sita
895 3063 959 3115 urbs
978 3059 1018 3114 iel
1037 3058 1100 3128 adep
1116 3059 1159 3114 assi
1179 3079 1222 3132 ap.

180 3141 288 3214 Dionys.
300 3144 325 3209 l,
338 3141 387 3209 45,
401 3145 456 3194 sive
467 3142 543 3194 collis
555 3143 652 3206 isfuit,
665 3145 691 3192 in
703 3160 756 3212 quo
770 3159 841 3194 nunc
853 3142 879 3192 S.
893 3139 1154 3211 Petronelloefanum
1168 3152 1223 3202 est,

177 3235 203 3270 v.
215 3219 320 3273 Cluver.
332 3241 358 3293 p.
371 3223 436 3291 894,
449 3239 495 3274 seu
508 3241 561 3274 non
571 3222 652 3293 longe
666 3221 700 3272 ab
712 3221 765 3272 hoe
777 3221 837 3272 loco
850 3220 925 3273 collis
940 3223 985 3292 qui
998 3239 1069 3272 nunc
1086 3219 1178 3271 Monte
1194 3217 1223 3270 di

181 3299 286 3353 leuem
299 3302 461 3374 appellatur.
474 3304 515 3354 lta
527 3302 680 3354 llolstenius
696 3300 847 3352 statuebat:
864 3319 889 3351 v.
901 3301 981 3373 Vulp.
995 3301 1012 3353 l.
1025 3301 1044 3353 l.
1057 3321 1084 3372 p.
1098 3301 1127 3353 3t
1145 3313 1171 3353 et
1181 3299 1222 3352 86.

180 3379 284 3432 Ibidem
296 3381 341 3434 alii
353 3399 404 3454 pro
417 3393 504 3434 vetere
517 3382 626 3434 Lavinio
638 3381 792 3433 habuerunt
808 3379 966 3452 oppidulum
980 3380 1088 3432 Patrico
1101 3378 1143 3431 vel
1156 3379 1226 3429 Pro-

182 3463 251 3527 tica,
268 3464 340 3534 quod
353 3465 408 3516 Mlo
421 3481 515 3536 passus
534 3463 568 3516 ab
586 3483 618 3516 eo
640 3461 708 3515 colle
721 3463 804 3513 abest.
824 3463 858 3513 Iis
879 3462 992 3534 Vulpius
1009 3462 1138 3514 hactenus
1152 3479 1229 3512 acce-

181 3539 297 3594 dendum
308 3545 451 3612 statuebat,
463 3557 491 3596 ut
501 3545 538 3597 ibi
552 3542 626 3596 luetis
638 3541 774 3594 Patrisvel
787 3543 859 3594 lovis
868 3542 1083 3615 Indipetisluisse
1092 3541 1227 3600 videntum

183 3641 240 3674 esse
253 3625 322 3676 enirn
337 3643 434 3677 nomen
447 3645 463 3678 a
475 3625 554 3676 Patre
570 3623 690 3695 ludiqete
708 3622 834 3674 ductum:
849 3641 897 3674 nec
916 3621 995 3694 longe
1013 3621 1106 3674 abesse
1124 3621 1228 3672 fontem

182 3703 315 3769 Numidi,
329 3704 364 3756 ad
377 3723 454 3776 quem
467 3705 605 3760 Lavinium
625 3706 704 3756 situm
716 3704 798 3755 luisse
816 3721 870 3755 uno
887 3720 933 3754 ore
952 3719 1042 3754 omnes
1062 3699 1178 3753 tradunt.
1198 3700 1231 3750 ln¹

182 3781 253 3835 lianc
269 3785 362 3837 urbem
376 3785 457 3838 delati
470 3799 530 3837 sunt
541 3785 653 3837 Penates
669 3785 779 3854 Trojani
795 3807 800 3835 :
819 3783 852 3836 de
872 3783 968 3854 quibus
985 3799 1043 3852 sup.
1063 3781 1124 3832 Eae.
1142 3779 1178 3832 IX
1193 3778 1228 3832 ad

181 3860 229 3913 lib.
238 3863 309 3936 lleqi
322 3865 424 3918 :Varro
438 3863 471 3917 de
483 3867 512 3918 L.
520 3863 549 3915 L.
563 3863 612 3929 tv,
624 3884 649 3937 p.
665 3864 698 3917 35
713 3864 865 3936 Oppidum,
878 3863 951 3934 quod
960 3861 1077 3933 primum
1089 3859 1224 3911 conditum

183 3942 211 3991 in
227 3941 303 3994 Latio
314 3943 401 4014 stirpis
411 3945 536 3996 nomana
548 3943 688 3996 Lavinium
694 3966 703 4004 ,·
724 3961 786 3994 nam
807 3942 843 3993 ibi
860 3941 899 3994 dii
916 3949 1024 4012 penates
1036 3939 1123 3992 nostri.
1138 3937 1195 3989 Hoc
1208 3955 1225 3988 a

182 4019 273 4071 Latini
282 4018 366 4093 filia,
388 4041 446 4095 quoe
465 4025 603 4094 conjuncte
617 4023 723 4087 AEneoe,
737 4021 849 4073 Lavinia
862 4019 1014 4093 appellata:
1030 4019 1058 4070 in
1078 4015 1226 4070 editissima

185 4098 259 4153 collis
273 4115 364 4174 parte,
381 4117 407 4158 et
419 4103 528 4178 quidem
539 4105 649 4160 Veneris
665 4103 752 4160 Frutis
771 4102 888 4178 templo,
902 4101 977 4174 eujus
987 4101 1068 4156 etiam
1079 4098 1175 4167 Stpabo
1186 4097 1236 4166 V',
